2362 3998
516 203 666 261 corvam

312 366 404 431 Mitte
426 365 623 430 brachiolum
644 370 741 448 teres,

351 450 565 533 Praetexiate,
586 450 759 596 guellulae:

351 532 419 597 Iam
441 534 544 598 eubile
566 556 585 597 a
607 536 659 598 eat
678 535 748 598 viri.

311 617 338 683 0
361 617 489 701 Hymen
508 618 692 700 Hymenaee
713 617 760 700 io,

355 703 381 767 Ο
404 702 532 784 Hymen
552 699 743 784 Hymenaee.

312 827 379 892 Vos
400 827 503 891 bonae
526 827 654 891 senibus
676 827 751 890 viris

353 911 399 977 Co
449 912 509 975 ‘tae
530 911 611 975 bene
632 911 784 994 feminae,

354 994 400 1060 Oo
427 998 518 1059 oeate
561 994 720 1058 uellulam.

312 1079 491 1162 OHymen
543 1099 694 1160 ymenaee
715 1079 762 1161 io,

354 1162 380 1227 0
403 1161 531 1245 Hymen
551 1160 743 1244 Hymenaee.

310 1288 379 1352 Iam
400 1287 477 1351 lieet
496 1286 618 1368 venias,
640 1286 768 1350 morire:

352 1370 441 1436 onr
462 1371 498 1435 in
517 1370 658 1433 thalamo
679 1369 770 1433 tibist

355 1456 417 1520 Ore
438 1454 585 1518 floridulo
607 1454 730 1537 nitens,

311 1538 395 1603 Alba
415 1538 599 1623 pariheniee
620 1539 708 1602 volui

353 1623 527 1687 Luteumve
548 1643 694 1706 papaver.

311 1751 370 1831 Ar,
392 1749 520 1832 marite,
543 1748 602 1831 (ira
623 1769 673 1811 me
694 1748 803 1811 iuveni

354 1832 506 1914 Caelites)
529 1830 756 1894 nihilominus

352 1914 487 1979 Pulcher
509 1935 542 1977 es
581 1933 683 1996 neque
704 1915 736 1976 te
758 1911 867 1978 Venus

309 1998 471 2146 Nelsslegst·
501 1961 560 2061 seei
577 1995 644 2059 abir
664 1995 747 2061 dies:

381 2102 471 2166 erge,
492 2102 533 2146 ne
554 2101 721 2146 remorare.

309 2209 386 2275 Non
408 2208 461 2273 diu
482 2210 657 2272 remoratus
680 2229 729 2291 es,

353 2293 422 2358 Iam
442 2292 541 2357 renis.
570 2292 708 2356 bonate
730 2291 838 2356 Venus

353 2377 488 2459 Iuverii,
511 2376 661 2458 quoniam
681 2375 787 2456 palam

312 2460 404 2536 Quod
426 2481 465 2524 eu
487 2459 515 2522 is
537 2459 623 2540 oapis
645 2459 678 2521 et
697 2457 817 2520 bonum

353 2544 430 2609 Non
451 2481 618 2605 aiiseondis
640 2560 788 2604 amorem.

311 2669 370 2734 Ille
413 2668 529 2733 ulveris
551 2665 672 2731 Afrioei

354 2691 560 2836 Siiemmque
581 2750 766 2815 micantium

354 2837 514 2903 Subduoat
534 2855 700 2899 numerum
722 2835 825 2920 prius,

311 2922 373 3000 Qui
393 2920 493 2985 vostri
513 2939 678 2983 numerare
699 2918 768 2981 volt

352 3004 455 3069 Multa
475 3004 564 3067 milia
584 3001 678 3067 ludei.

310 3130 423 3196 Ludite
443 3131 480 3193 ut
500 3128 603 3211 lubet,
625 3130 658 3192 ei
678 3127 766 3192 brevi

352 3214 483 3278 Liberos
505 3212 586 3276 date.
616 3232 683 3276 non
704 3213 795 3279 deeet

353 3297 433 3361 Tam
452 3298 541 3361 vetus
563 3296 631 3360 sine
653 3297 761 3362 liberis

310 3380 438 3447 Nomen
459 3402 543 3464 esse,
566 3379 622 3445 sed
642 3381 780 3448 indidem

352 3465 483 3551 Semper
504 3465 692 3549 ingenerari.
