2362 3998
112 179 154 243 52
513 180 665 238 curvnm
978 180 1067 252 [mv.

176 344 288 419 Qualia
310 344 367 409 sub
390 342 496 408 densis
517 365 676 408 ramorum
698 342 839 407 concinit
859 340 981 405 umbris

218 426 347 491 Daulias
370 429 528 511 absumpti
550 427 616 491 fata
635 447 767 511 gemens
788 425 896 509 Itylei)
920 462 961 472 -

128 524 160 572 ro
175 510 237 575 Sed
258 514 367 575 tamen
381 511 416 573 in
429 511 527 573 tantis
542 510 737 574 maeroribus
776 508 899 591 Ortale,
920 508 1015 572 mitto

218 592 306 657 Haec
327 615 476 677 expressa
495 594 556 657 tibi
578 593 717 657 carmina
738 559 918 673 liattiadae,

175 676 225 742 Ne
246 680 302 740 tua
323 676 408 740 dicta
427 677 517 761 vagis
538 676 729 759 nequiquam
751 674 870 739 credita
891 674 995 740 ventis

218 760 389 825 Effluxisse
411 780 480 824 meo
503 760 586 823 sorte
608 763 700 842 putes
722 759 844 841 animo,

175 843 222 908 Vt
241 844 373 908 missum
395 844 505 927 sponsi
526 843 643 907 furtivo
664 864 794 908 munere
814 841 935 906 malum

127 941 161 990 eo
216 927 379 991 Proomrit
399 930 487 992 casto
509 926 642 1012 virginis
664 948 681 990 e
702 926 840 1010 gremio,

177 1010 268 1085 Quod
288 1011 421 1074 miserae
442 1010 560 1075 oblitae
581 1010 671 1073 molli
693 1010 751 1073 sub
772 1013 860 1073 veste
881 1009 1037 1081 locatum.

219 1093 305 1157 Dum
327 1093 464 1157 adventu
485 1094 595 1156 matris
616 1093 757 1174 prosilit,
781 1092 952 1156 excutitur:

176 1181 205 1239 A
243 1197 281 1239 ue
302 1176 381 1238 illud
401 1197 504 1259 prono
526 1196 676 1272 praeceps
698 1176 803 1261 agitur
824 1176 970 1258 decursu,

251 1259 301 1323 uic
322 1263 431 1323 manat
452 1260 537 1323 tristi
560 1258 705 1324 conscius
727 1279 782 1322 ore
802 1258 909 1322 rubor.

518 1389 667 1398 ——-

527 1471 653 1545 LXVI.

176 1594 293 1660 Omnia
314 1594 368 1678 qui
389 1593 498 1677 magni
520 1594 658 1677 dispexit
678 1593 799 1657 lumina
820 1593 945 1675 mundi,

219 1678 281 1753 Qui
303 1678 465 1742 stellarum
487 1681 574 1741 ortus
597 1678 751 1759 comperit
772 1681 864 1758 atque
887 1677 1009 1758 obitus,

176 1761 355 1825 Flammeus
377 1765 413 1825 ut
434 1760 535 1844 rapidi
557 1762 633 1824 solis
655 1761 741 1824 nitor
763 1761 961 1841 obscuretur,

218 1843 264 1907 Vt
285 1845 398 1908 cedant
419 1845 513 1908 certis
536 1843 638 1906 sidera
658 1844 854 1925 temporibus
861 1892 869 1924 ,

145 1926 222 1990 th
243 1926 382 1989 Triviam
403 1926 513 1989 furtim
535 1927 594 1990 sub
615 1925 739 1989 Latmia
761 1949 836 1990 saxa
856 1928 1002 2012 relegans

219 2008 328 2073 Dulcis
351 2030 440 2072 amor
460 2030 539 2094 gyro
562 2010 693 2074 devocet
714 2011 813 2092 aerio,

177 2092 265 2156 Idem
287 2093 414 2157 maille
437 2092 550 2158 Oonon
572 2094 698 2158 caelesti
720 2095 755 2157 in
777 2094 896 2157 lumine
918 2094 998 2157 vidit

219 2176 247 2239 Ε
269 2175 443 2241 Bereniceo
465 2178 581 2241 vertice
603 2178 772 2241 caesariem

178 2260 369 2344 Fulgentem
391 2261 489 2343 clare,
512 2282 606 2343 quam
628 2263 750 2325 cunetis
772 2261 827 2324 illa
849 2261 977 2324 deorum

131 2357 163 2405 lo
218 2343 314 2407 Levia
335 2344 526 2427 protendens
548 2342 678 2408 brachia
699 2345 888 2427 pollicitust,

179 2426 248 2501 Qua
268 2449 325 2490 rex
345 2429 534 2571 temgestate
555 2448 639 2490 novo
662 2431 771 2491 auctus
793 2427 967 2511 hymenaeo

219 2508 388 2572 Vastatum
432 2510 481 2572 nis
503 2510 603 2572 iverat
624 2511 788 2593 Assyrios,

178 2592 291 2655 Dulcia
311 2595 485 2656 nocturnae
505 2595 637 2675 portans
658 2594 914 2678 vestigiarixae,

221 2676 322 2751 Quam
344 2676 382 2739 de
404 2676 555 2760 virgineis
577 2681 719 2774 gesserat
740 2678 867 2742 exuviis.

131 2770 162 2820 lo
176 2759 276 2824 Estne
298 2759 389 2824 novis
410 2761 519 2907 mlpffis
541 2761 613 2825 odio
635 2762 755 2826 venus?
778 2783 860 2825 anne
880 2764 1047 2845 parentum

219 2844 425 2908 Frustrantur
459 2845 533 2909 alais
555 2846 673 2929 gaudia
693 2845 879 2928 lacrimulis,

178 2926 324 2990 Vbertim
345 2925 478 2991 thalami
500 2948 576 3010 quas
598 2929 682 2993 intra
703 2929 824 2992 lumina
844 2928 1002 2993 fundunt?

219 3010 310 3092 Non,
332 3010 377 3073 ita
398 3032 449 3074 me
471 3010 549 3093 divi,
572 3033 646 3075 vera
666 3015 812 3096 gemunt,
835 3013 959 3077 iuerint.

178 3091 216 3156 Id
238 3114 309 3156 mea
329 3113 380 3156 me
401 3093 510 3156 multis
533 3093 641 3158 docuit
661 3096 772 3179 regina
793 3096 941 3179 querellis

130 3188 163 3238 20
219 3175 380 3239 Invisente
400 3197 484 3240 novo
506 3177 625 3260 praelia
645 3181 736 3242 torva
755 3179 833 3243 viro.

177 3259 231 3322 An
251 3261 287 3321 tu
308 3279 375 3321 non
396 3259 508 3322 orbum
529 3259 610 3324 luxti
631 3261 753 3327 deserta
775 3263 892 3345 cubile,

221 3341 283 3406 Sed
303 3341 410 3405 fratris
432 3343 496 3407 cari
514 3343 618 3408 flebile
640 3345 828 3410 discidium?

178 3425 280 3502 Quam
300 3425 427 3511 penitus
448 3431 584 3493 maestas
606 3430 728 3495 excedit
749 3450 823 3494 cura
844 3429 1012 3495 medullas!
