2362 3998
529 181 645 238 LIBER.
664 214 667 220 -

309 343 456 408 Claustra
475 331 605 426 pandit}
627 341 740 405 ianuae
746 388 756 423 ,

344 425 452 510 *Virgo
474 425 558 490 ades.
587 424 681 489 viden
701 427 738 487 ut
758 423 843 487 faces

352 508 540 574 Slendidas
562 509 709 592 quatiunt
730 506 857 571 eomas?
937 561 940 567 .
1030 510 1033 517 '

204 659 207 664 .
308 532 426 657 Tartet
446 593 602 676 ingenuos
624 591 740 674 pudori

392 701 410 741 *
515 700 533 741 *
640 701 655 739 t
777 710 784 721 ·

392 854 410 885 ι
515 852 533 892 *
638 852 655 890 a

392 939 410 975 *
516 937 531 973 *
637 935 655 973 ss

393 1023 411 1060 *
515 1020 533 1059 Ἰῑ
637 1020 655 1058 *

309 1079 410 1154 Quem
431 1081 539 1142 tamen
559 1079 662 1163 magis
684 1075 815 1141 audiens

350 1160 543 1246 Flet,.quod
563 1163 610 1225 ira
630 1182 759 1225 necesse
781 1166 839 1226 est.

309 1279 401 1343 Flere
423 1278 540 1343 desine.
569 1300 636 1343 non
656 1278 732 1361 tibi,
753 1279 796 1341 A·

351 1362 528 1445 runculeia,
550 1363 770 1449 paritulumst‚

353 1447 467 1529 Nequa
487 1447 606 1511 famina
626 1445 788 1530 pulchrior

312 1529 440 1595 Clarum
461 1530 501 1593 ab
524 1529 650 1594 Oceano
673 1528 757 1594 diem

352 1612 476 1677 Viderit
496 1613 714 1693 venientem„
796 1642 799 1647 ·
873 1636 876 1640 ·

309 1730 397 1794 Talis
418 1731 453 1794 in
474 1730 561 1794 vario
584 1731 666 1794 solet

209 1853 218 1865 ·
350 1813 467 1878 Divitis
490 1814 610 1878 domini
632 1814 757 1878 hortulo
782 1872 791 1887 ,

353 1897 444 1962 Stare
464 1898 523 1962 fios
544 1892 780 1982 hyacinthinas.

309 1979 372 2047 'Sed
394 1982 543 2063 moraris,
565 1982 633 2045 abit
654 1982 735 2047 dies:
883 2007 886 2011 ’

307 2085 312 2090 ·
353 2065 509 2144 Prodeaa,
530 2086 613 2131 aava
633 2071 743 2148 nupta.
768 2087 770 2091 ·
869 2115 876 2125 .

309 2181 463 2264 ProdeaS,
485 2203 569 2246 nova
588 2186 702 2265 nupta,
726 2183 774 2245 ai.

351 2267 421 2330 lam
441 2266 580 2348 videtur,
603 2270 636 2330 et
656 2265 776 2330 audias'

352 2350 472 2415 Nostra
492 2349 597 2415 verba.
630 2349 701 2414 vida
723 2354 759 2414 ut
779 2350 865 2414 facea

287 2435 432 2517 ‘Aureas
455 2434 602 2517 quatiunt
623 2454 744 2498 comas:

241 2513 248 2526 '
352 2517 505 2600 Prodeaa,
526 2539 611 2582 nova
630 2520 739 2601 nupta.

309 2643 386 2709 Non
406 2644 579 2735 tuogflevis
601 2645 635 2707 in
655 2645 740 2706 mala

273 2784 278 2792 .
351 2725 486 2790 Deditu'a
507 2728 556 2790 Vir
577 2727 718 2792 adultera

353 2810 474 2874 Probra
494 2811 600 2893 turpia
620 2818 812 2893 persequens¹

310 2893 340 2956 A
362 2894 426 2958 tuis
447 2895 565 2958 tentiis
586 2895 673 2958 volet
877 2917 880 2922 ·

216 3025 224 3041 .
354 2975 509 3055 Sequbare
530 2977 659 3061 papillis
665 3028 675 3062 ,

310 3100 412 3165 Lenta
433 3103 510 3185 quin
532 3103 618 3167 velut
639 3103 757 3167 adsitas

352 3184 436 3249 Vitis
457 3185 591 3268 inplicat
612 3187 753 3271 arborea,

351 3267 561 3351 Inplicabitur
582 3271 617 3333 in
637 3273 725 3334 tuom
775 3334 777 3339 ⁴

310 3352 518 3436 Conplexum.
549 3352 604 3416 sad
625 3353 692 3417 abit
713 3354 794 3419 diest

352 3435 505 3519 Prodeas,
527 3457 611 3500 nova
632 3440 741 3520 nupta.
