2362 3998
503 191 618 247 LIBER.

282 354 460 436 Torquatus
481 353 553 417 volo
575 351 722 436 parvolus

325 436 438 501 Matris
461 457 478 500 e
499 435 621 520 gremio
643 456 717 498 suae

324 520 496 616 Porrigens
517 522 642 583 teneras
663 539 775 582 manus

282 605 380 669 Dulce
401 603 503 666 rideat
523 602 562 666 ad
584 604 707 684 patrem

326 687 508 752 Semhiante
529 685 655 750 labello.

284 803 334 870 Sit
355 825 411 867 sno
434 803 547 867 similis
568 804 652 886 patri
727 836 731 844 ·

325 887 445 951 Manlio
469 889 501 950 et
520 886 614 950 facile
635 886 762 950 inscicia

325 971 510 1036 Noscitetur
530 970 571 1034 ab
593 971 739 1035 omnibus

283 1055 328 1120 Et
370 1054 533 1119 udioitiam
556 1076 631 1118 suae

362 1139 437 1202 atris
459 1139 579 1203 indicet
599 1159 662 1202 ore.

286 1255 372 1319 Talis
393 1255 479 1319 illius
502 1277 521 1318 a
541 1255 625 1319 bona

328 1338 430 1402 Matre
452 1338 521 1402 laus
542 1360 643 1423 genus
665 1339 833 1423 adprobet,

327 1422 435 1497 Qualis
456 1423 550 1487 unica
571 1423 610 1487 ab
631 1424 755 1506 optima

284 1505 388 1571 Matre
409 1505 598 1571 Telemacho
619 1511 728 1571 manet

327 1589 426 1654 Fama
445 1589 636 1674 Penelopeo.

286 1706 431 1774 Claudite
453 1707 549 1789 ostia,
570 1707 725 1792 virgines:

328 1792 475 1857 Lusimus
497 1791 583 1856 eatis.
613 1794 660 1874 at,
682 1792 779 1856 bonci

327 1875 503 1960 Coniuges,
524 1875 605 1940 bene
627 1876 722 1940 vivite
745 1878 777 1940 et

284 1957 417 2023 Munere
439 1959 569 2024 adsiduo
592 1960 750 2024 valentem

326 2041 482 2107 Exercete
503 2044 674 2108 inventam.

506 2246 616 2320 LXH.

83 2361 207 2444 Vesper
221 2360 324 2445 adest,
339 2362 485 2444 iuvenes,
500 2361 697 2446 consurgite:
712 2359 834 2444 Vesper
850 2361 986 2446 Olympo

82 2445 260 2528 Expectata
282 2445 337 2510 diu
357 2447 411 2509 vix
432 2445 561 2510 tandem
582 2444 704 2508 lumina
723 2446 817 2509 tollit.

84 2528 222 2613 Surgere
237 2529 301 2593 iam
315 2532 455 2612 tempus,
470 2530 534 2593 iam
548 2529 683 2614 pingues
698 2528 841 2613 linquere
855 2551 981 2595 mensas
989 2580 998 2613 ,

82 2612 153 2676 Iam
173 2612 280 2677 veniet
299 2613 405 2698 virgo,
427 2614 491 2677 iam
513 2612 634 2677 dicetur
653 2612 866 2696 Hymenaeus.

124 2720 254 2804 Hymen
268 2742 287 2785 o
302 2720 500 2804 Hymenaee,
523 2720 652 2804 Hymen
665 2721 739 2784 ades
756 2743 775 2785 o
790 2722 988 2804 Hymenaee!
1026 2737 1042 2784 5

83 2862 238 2946 Comitis,
260 2864 428 2947 innuptae,
450 2860 600 2927 iuvenes?
623 2863 806 2958 consurgite
828 2865 954 2928 contra:

81 2946 244 3013 Nimirum
266 2947 402 3012 Oetaeos
425 2946 564 3011 ostendit
584 2945 721 3010 noctifer
742 2967 842 3030 ignes.

83 3029 137 3096 Sic
159 3033 290 3116 certest;
312 3031 408 3096 viden
427 3034 464 3095 ut
485 3029 655 3112 perniciter
677 3029 837 3094 exiluere?

83 3113 161 3180 Non
174 3117 293 3180 temere
308 3117 459 3197 exiluere,
482 3116 599 3177 canent
613 3113 697 3198 quod
711 3114 838 3178 vincere
852 3135 910 3198 par
925 3116 982 3178 est.

125 3221 254 3307 Hymen
268 3244 287 3289 o
302 3224 502 3310 Hymenaee,
525 3222 653 3305 Hymen
667 3222 741 3286 ades
756 3243 775 3286 o
790 3222 987 3306 Hymenaee!
1012 3234 1044 3283 ιο

84 3365 161 3431 Non
182 3365 285 3430 facilis
306 3365 415 3449 nobis,
439 3365 599 3447 aequales,
621 3365 727 3448 palma
747 3367 904 3446 paratast,

85 3448 265 3534 Adspicite,
287 3451 440 3534 innuptae
462 3469 569 3512 secum
590 3451 626 3512 ut
646 3448 802 3512 meditata
818 3449 1004 3528 resumunt.

881 3543 920 3595 «ὸὶ

975 3822 1080 3852 Α
