<?xml version="1.0" encoding="UTF-8"?>
<!DOCTYPE html PUBLIC "-//W3C//DTD XHTML 1.0 Transitional//EN"
    "http://www.w3.org/TR/xhtml1/DTD/xhtml1-transitional.dtd">
<html xmlns="http://www.w3.org/1999/xhtml" xml:lang="en" lang="en">
 <head>
  <title>
</title>
<meta http-equiv="Content-Type" content="text/html;charset=utf-8" />
  <meta name='ocr-system' content='tesseract 3.04.00' />
  <meta name='ocr-capabilities' content='ocr_page ocr_carea ocr_par ocr_line ocrx_word'/>
</head>
<body>
  <div class='ocr_page' id='page_1' title='image "./carmina00catugoog_0062.png"; bbox 0 0 2362 3998; ppageno 0'>
   <div class='ocr_carea' id='block_1_1' title="bbox 107 189 643 261">
    <p class='ocr_par' dir='ltr' id='par_1_1' title="bbox 107 189 643 261">
     <span class='ocr_line' id='line_1_1' title="bbox 107 189 643 261; baseline -0.004 -16"><span class='ocrx_word' id='word_1_1' title='bbox 107 190 227 261; x_wconf 79' lang='lat' dir='ltr'>nxvn]</span> <span class='ocrx_word' id='word_1_2' title='bbox 529 189 643 244; x_wconf 76' lang='lat' dir='ltr'>arasa.</span> 
     </span>
    </p>
   </div>
   <div class='ocr_carea' id='block_1_2' title="bbox 515 386 658 460">
    <p class='ocr_par' dir='ltr' id='par_1_2' title="bbox 515 386 658 460">
     <span class='ocr_line' id='line_1_2' title="bbox 515 386 658 460; baseline 0.014 -2"><span class='ocrx_word' id='word_1_3' title='bbox 515 386 658 460; x_wconf 84' lang='lat' dir='ltr'><strong>LXVH.</strong></span> 
     </span>
    </p>
   </div>
   <div class='ocr_carea' id='block_1_3' title="bbox 109 515 1071 1165">
    <p class='ocr_par' dir='ltr' id='par_1_3' title="bbox 109 515 870 684">
     <span class='ocr_line' id='line_1_3' title="bbox 109 515 827 599; baseline -0.008 -15"><span class='ocrx_word' id='word_1_4' title='bbox 109 520 136 586; x_wconf 93' lang='lat'>0</span> <span class='ocrx_word' id='word_1_5' title='bbox 159 518 245 582; x_wconf 91' lang='lat' dir='ltr'>dulci</span> <span class='ocrx_word' id='word_1_6' title='bbox 266 516 404 581; x_wconf 88' lang='lat' dir='ltr'>iocunda</span> <span class='ocrx_word' id='word_1_7' title='bbox 425 516 508 599; x_wconf 75' lang='lat' dir='ltr'>viro,</span> <span class='ocrx_word' id='word_1_8' title='bbox 530 516 666 580; x_wconf 90' lang='lat' dir='ltr'>iocunda</span> <span class='ocrx_word' id='word_1_9' title='bbox 687 515 827 599; x_wconf 85' lang='lat' dir='ltr'>parenti,</span> 
     </span>
     <span class='ocr_line' id='line_1_4' title="bbox 151 599 870 684; baseline -0.007 -17"><span class='ocrx_word' id='word_1_10' title='bbox 151 603 258 684; x_wconf 83' lang='lat' dir='ltr'>Salve,</span> <span class='ocrx_word' id='word_1_11' title='bbox 282 605 375 684; x_wconf 89' lang='lat' dir='ltr'>teque</span> <span class='ocrx_word' id='word_1_12' title='bbox 398 601 482 663; x_wconf 86' lang='lat' dir='ltr'>bona</span> <span class='ocrx_word' id='word_1_13' title='bbox 503 599 646 683; x_wconf 89' lang='lat' dir='ltr'>Iuppiter</span> <span class='ocrx_word' id='word_1_14' title='bbox 668 603 774 663; x_wconf 89' lang='lat' dir='ltr'>auctet</span> <span class='ocrx_word' id='word_1_15' title='bbox 795 620 870 682; x_wconf 89' lang='lat' dir='ltr'>ope,</span> 
     </span>
    </p>

    <p class='ocr_par' dir='ltr' id='par_1_4' title="bbox 109 683 913 852">
     <span class='ocr_line' id='line_1_5' title="bbox 109 683 913 768; baseline -0.009 -17"><span class='ocrx_word' id='word_1_16' title='bbox 109 687 223 768; x_wconf 86' lang='lat' dir='ltr'>Ianua,</span> <span class='ocrx_word' id='word_1_17' title='bbox 247 707 341 768; x_wconf 87' lang='lat' dir='ltr'>quam</span> <span class='ocrx_word' id='word_1_18' title='bbox 362 683 464 748; x_wconf 88' lang='lat' dir='ltr'>Balbo</span> <span class='ocrx_word' id='word_1_19' title='bbox 488 683 598 746; x_wconf 89' lang='lat' dir='ltr'>dicunt</span> <span class='ocrx_word' id='word_1_20' title='bbox 620 684 753 747; x_wconf 85' lang='lat' dir='ltr'>servisse</span> <span class='ocrx_word' id='word_1_21' title='bbox 774 683 913 766; x_wconf 85' lang='lat' dir='ltr'>benigne</span> 
     </span>
     <span class='ocr_line' id='line_1_6' title="bbox 152 767 806 852; baseline -0.006 -18"><span class='ocrx_word' id='word_1_22' title='bbox 152 769 254 852; x_wconf 84' lang='lat' dir='ltr'>Olim,</span> <span class='ocrx_word' id='word_1_23' title='bbox 278 791 350 832; x_wconf 92' lang='lat' dir='ltr'>cum</span> <span class='ocrx_word' id='word_1_24' title='bbox 371 767 460 831; x_wconf 86' lang='lat' dir='ltr'>sedes</span> <span class='ocrx_word' id='word_1_25' title='bbox 482 768 551 849; x_wconf 89' lang='lat' dir='ltr'>ipse</span> <span class='ocrx_word' id='word_1_26' title='bbox 573 789 669 830; x_wconf 85' lang='lat' dir='ltr'>senex</span> <span class='ocrx_word' id='word_1_27' title='bbox 689 767 806 848; x_wconf 89' lang='lat' dir='ltr'>tenuit,</span> 
     </span>
    </p>

    <p class='ocr_par' dir='ltr' id='par_1_5' title="bbox 112 849 1071 1018">
     <span class='ocr_line' id='line_1_7' title="bbox 112 849 1071 935; baseline -0.007 -20"><span class='ocrx_word' id='word_1_28' title='bbox 112 852 275 935; x_wconf 78' lang='lat' dir='ltr'>Quamque</span> <span class='ocrx_word' id='word_1_29' title='bbox 298 853 405 915; x_wconf 87' lang='lat' dir='ltr'>serunt</span> <span class='ocrx_word' id='word_1_30' title='bbox 425 871 533 922; x_wconf 85' lang='lat' dir='ltr'>rursus</span> <span class='ocrx_word' id='word_1_31' title='bbox 556 853 629 913; x_wconf 84' lang='lat' dir='ltr'>voto</span> <span class='ocrx_word' id='word_1_32' title='bbox 653 851 785 913; x_wconf 87' lang='lat' dir='ltr'>servisse</span> <span class='ocrx_word' id='word_1_33' title='bbox 806 849 963 933; x_wconf 84' lang='lat' dir='ltr'>maligno,</span> <span class='ocrx_word' id='word_1_34' title='bbox 1055 858 1071 907; x_wconf 79' lang='lat' dir='ltr'>t</span> 
     </span>
     <span class='ocr_line' id='line_1_8' title="bbox 152 934 895 1018; baseline -0.004 -19"><span class='ocrx_word' id='word_1_35' title='bbox 152 934 326 1018; x_wconf 89' lang='lat' dir='ltr'>Postquam</span> <span class='ocrx_word' id='word_1_36' title='bbox 348 956 381 998; x_wconf 94' lang='lat' dir='ltr'>es</span> <span class='ocrx_word' id='word_1_37' title='bbox 403 937 548 1018; x_wconf 89' lang='lat' dir='ltr'>porrecto</span> <span class='ocrx_word' id='word_1_38' title='bbox 570 934 655 996; x_wconf 81' lang='lat' dir='ltr'>facta</span> <span class='ocrx_word' id='word_1_39' title='bbox 675 934 789 996; x_wconf 88' lang='lat' dir='ltr'>marita</span> <span class='ocrx_word' id='word_1_40' title='bbox 810 954 895 997; x_wconf 86' lang='lat' dir='ltr'>sene.</span> 
     </span>
    </p>

    <p class='ocr_par' dir='ltr' id='par_1_6' title="bbox 115 1017 855 1165">
     <span class='ocr_line' id='line_1_9' title="bbox 115 1017 855 1165; baseline -0.005 -82"><span class='ocrx_word' id='word_1_41' title='bbox 115 1019 173 1083; x_wconf 89' lang='lat' dir='ltr'>Dic</span> <span class='ocrx_word' id='word_1_42' title='bbox 195 1018 331 1165; x_wconf 74' lang='lat' dir='ltr'>agedum</span> <span class='ocrx_word' id='word_1_43' title='bbox 351 1018 460 1100; x_wconf 87' lang='lat' dir='ltr'>nobis,</span> <span class='ocrx_word' id='word_1_44' title='bbox 483 1038 578 1099; x_wconf 87' lang='lat' dir='ltr'>quare</span> <span class='ocrx_word' id='word_1_45' title='bbox 600 1020 723 1080; x_wconf 85' lang='lat' dir='ltr'>mutata</span> <span class='ocrx_word' id='word_1_46' title='bbox 743 1017 855 1080; x_wconf 84' lang='lat' dir='ltr'>feraris</span> 
     </span>
    </p>
   </div>
   <div class='ocr_carea' id='block_1_4' title="bbox 112 1100 1073 1436">
    <p class='ocr_par' dir='ltr' id='par_1_7' title="bbox 112 1100 1073 1436">
     <span class='ocr_line' id='line_1_10' title="bbox 154 1100 860 1166; baseline -0.003 0"><span class='ocrx_word' id='word_1_47' title='bbox 154 1102 194 1166; x_wconf 89' lang='lat' dir='ltr'>In</span> <span class='ocrx_word' id='word_1_48' title='bbox 237 1103 379 1165; x_wconf 91' lang='lat' dir='ltr'>ominum</span> <span class='ocrx_word' id='word_1_49' title='bbox 401 1104 540 1164; x_wconf 81' lang='lat' dir='ltr'>veterem</span> <span class='ocrx_word' id='word_1_50' title='bbox 562 1100 735 1164; x_wconf 87' lang='lat' dir='ltr'>deseruisse</span> <span class='ocrx_word' id='word_1_51' title='bbox 756 1100 860 1164; x_wconf 90' lang='lat' dir='ltr'>fidem.</span> 
     </span>
     <span class='ocr_line' id='line_1_11' title="bbox 112 1183 1010 1269; baseline -0.007 -17"><span class='ocrx_word' id='word_1_52' title='bbox 112 1186 207 1252; x_wconf 75' lang='lat' dir='ltr'>‘Non</span> <span class='ocrx_word' id='word_1_53' title='bbox 222 1186 282 1269; x_wconf 86' lang='lat' dir='ltr'>(ita</span> <span class='ocrx_word' id='word_1_54' title='bbox 297 1183 434 1249; x_wconf 83' lang='lat' dir='ltr'>Caecilio</span> <span class='ocrx_word' id='word_1_55' title='bbox 449 1185 607 1267; x_wconf 82' lang='lat' dir='ltr'>placeam,</span> <span class='ocrx_word' id='word_1_56' title='bbox 631 1185 681 1248; x_wconf 91' lang='lat' dir='ltr'>cui</span> <span class='ocrx_word' id='word_1_57' title='bbox 695 1184 812 1248; x_wconf 83' lang='lat' dir='ltr'>tradita</span> <span class='ocrx_word' id='word_1_58' title='bbox 825 1205 910 1248; x_wconf 91' lang='lat' dir='ltr'>nunc</span> <span class='ocrx_word' id='word_1_59' title='bbox 926 1185 1010 1267; x_wconf 76' lang='lat' dir='ltr'>sum)</span> 
     </span>
     <span class='ocr_line' id='line_1_12' title="bbox 155 1267 1073 1353; baseline -0.01 -19"><span class='ocrx_word' id='word_1_60' title='bbox 155 1268 259 1353; x_wconf 83' lang='lat' dir='ltr'>Culpa</span> <span class='ocrx_word' id='word_1_61' title='bbox 279 1271 398 1350; x_wconf 87' lang='lat' dir='ltr'>meast,</span> <span class='ocrx_word' id='word_1_62' title='bbox 421 1289 611 1351; x_wconf 88' lang='lat' dir='ltr'>quamquam</span> <span class='ocrx_word' id='word_1_63' title='bbox 633 1267 748 1332; x_wconf 88' lang='lat' dir='ltr'>dicitur</span> <span class='ocrx_word' id='word_1_64' title='bbox 770 1289 837 1331; x_wconf 88' lang='lat' dir='ltr'>esse</span> <span class='ocrx_word' id='word_1_65' title='bbox 859 1288 944 1348; x_wconf 86' lang='lat' dir='ltr'>mea,</span> <span class='ocrx_word' id='word_1_66' title='bbox 1042 1279 1073 1326; x_wconf 84' lang='grc' dir='ltr'>ιο</span> 
     </span>
     <span class='ocr_line' id='line_1_13' title="bbox 113 1350 1011 1436; baseline -0.007 -17"><span class='ocrx_word' id='word_1_67' title='bbox 113 1353 182 1419; x_wconf 88' lang='lat' dir='ltr'>Neo</span> <span class='ocrx_word' id='word_1_68' title='bbox 203 1355 370 1436; x_wconf 84' lang='lat' dir='ltr'>peccatum</span> <span class='ocrx_word' id='word_1_69' title='bbox 397 1373 416 1414; x_wconf 84' lang='lat' dir='ltr'>a</span> <span class='ocrx_word' id='word_1_70' title='bbox 437 1373 488 1415; x_wconf 91' lang='lat' dir='ltr'>me</span> <span class='ocrx_word' id='word_1_71' title='bbox 510 1352 675 1435; x_wconf 87' lang='lat' dir='ltr'>quisquam</span> <span class='ocrx_word' id='word_1_72' title='bbox 703 1355 778 1435; x_wconf 88' lang='lat' dir='ltr'>pote</span> <span class='ocrx_word' id='word_1_73' title='bbox 801 1352 903 1414; x_wconf 82' lang='lat' dir='ltr'>dicere</span> <span class='ocrx_word' id='word_1_74' title='bbox 926 1350 1011 1432; x_wconf 90' lang='lat' dir='ltr'>quic·</span> 
     </span>
    </p>
   </div>
   <div class='ocr_carea' id='block_1_5' title="bbox 115 1457 1082 3524">
    <p class='ocr_par' dir='ltr' id='par_1_8' title="bbox 115 1457 1082 3524">
     <span class='ocr_line' id='line_1_14' title="bbox 740 1457 828 1499; baseline 0.011 -1"><span class='ocrx_word' id='word_1_75' title='bbox 740 1457 828 1499; x_wconf 89' lang='lat' dir='ltr'>uam.</span> 
     </span>
     <span class='ocr_line' id='line_1_15' title="bbox 155 1457 921 1602; baseline -0.004 -18"><span class='ocrx_word' id='word_1_76' title='bbox 155 1519 275 1584; x_wconf 90' lang='lat' dir='ltr'>Verum</span> <span class='ocrx_word' id='word_1_77' title='bbox 296 1520 381 1584; x_wconf 90' lang='lat' dir='ltr'>istud</span> <span class='ocrx_word' id='word_1_78' title='bbox 403 1520 514 1602; x_wconf 92' lang='lat' dir='ltr'>populi</span> <span class='ocrx_word' id='word_1_79' title='bbox 534 1520 657 1600; x_wconf 87' lang='lat' dir='ltr'>fabula,</span> <span class='ocrx_word' id='word_1_80' title='bbox 681 1457 808 1601; x_wconf 63' lang='lat' dir='ltr'>odino,</span> <span class='ocrx_word' id='word_1_81' title='bbox 831 1519 921 1597; x_wconf 84' lang='lat' dir='ltr'>facit,</span> 
     </span>
     <span class='ocr_line' id='line_1_16' title="bbox 115 1602 1010 1687; baseline -0.006 -19"><span class='ocrx_word' id='word_1_82' title='bbox 115 1604 187 1687; x_wconf 82' lang='lat' dir='ltr'>Qui,</span> <span class='ocrx_word' id='word_1_83' title='bbox 204 1625 399 1687; x_wconf 88' lang='lat' dir='ltr'>quacumque</span> <span class='ocrx_word' id='word_1_84' title='bbox 415 1602 533 1685; x_wconf 88' lang='lat' dir='ltr'>aliquid</span> <span class='ocrx_word' id='word_1_85' title='bbox 547 1605 702 1686; x_wconf 87' lang='lat' dir='ltr'>reperitur</span> <span class='ocrx_word' id='word_1_86' title='bbox 711 1623 779 1666; x_wconf 91' lang='lat' dir='ltr'>non</span> <span class='ocrx_word' id='word_1_87' title='bbox 789 1603 870 1666; x_wconf 91' lang='lat' dir='ltr'>benc</span> <span class='ocrx_word' id='word_1_88' title='bbox 880 1602 1010 1682; x_wconf 83' lang='lat' dir='ltr'>factum,</span> 
     </span>
     <span class='ocr_line' id='line_1_17' title="bbox 157 1686 967 1769; baseline -0.004 -18"><span class='ocrx_word' id='word_1_89' title='bbox 157 1688 210 1751; x_wconf 83' lang='lat' dir='ltr'>Ad</span> <span class='ocrx_word' id='word_1_90' title='bbox 231 1709 282 1751; x_wconf 89' lang='lat' dir='ltr'>me</span> <span class='ocrx_word' id='word_1_91' title='bbox 305 1709 415 1751; x_wconf 87' lang='lat' dir='ltr'>omnes</span> <span class='ocrx_word' id='word_1_92' title='bbox 438 1687 591 1750; x_wconf 87' lang='lat' dir='ltr'>clamant:</span> <span class='ocrx_word' id='word_1_93' title='bbox 614 1687 721 1769; x_wconf 85' lang='lat' dir='ltr'>ianua,</span> <span class='ocrx_word' id='word_1_94' title='bbox 745 1686 838 1769; x_wconf 87' lang='lat' dir='ltr'>eulpa</span> <span class='ocrx_word' id='word_1_95' title='bbox 859 1688 967 1749; x_wconf 73' lang='lat' dir='ltr'>tuest.²</span> 
     </span>
     <span class='ocr_line' id='line_1_18' title="bbox 115 1770 1076 1852; baseline -0.008 -16"><span class='ocrx_word' id='word_1_96' title='bbox 115 1772 191 1838; x_wconf 89' lang='lat' dir='ltr'>Non</span> <span class='ocrx_word' id='word_1_97' title='bbox 211 1772 294 1834; x_wconf 89' lang='lat' dir='ltr'>istuc</span> <span class='ocrx_word' id='word_1_98' title='bbox 316 1771 392 1834; x_wconf 85' lang='lat' dir='ltr'>satis</span> <span class='ocrx_word' id='word_1_99' title='bbox 414 1773 463 1833; x_wconf 85' lang='lat' dir='ltr'>est</span> <span class='ocrx_word' id='word_1_100' title='bbox 483 1792 547 1834; x_wconf 90' lang='lat' dir='ltr'>uno</span> <span class='ocrx_word' id='word_1_101' title='bbox 569 1773 602 1834; x_wconf 95' lang='lat' dir='ltr'>te</span> <span class='ocrx_word' id='word_1_102' title='bbox 624 1770 728 1834; x_wconf 79' lang='lat' dir='ltr'>dicere</span> <span class='ocrx_word' id='word_1_103' title='bbox 749 1771 860 1852; x_wconf 84' lang='lat' dir='ltr'>verbe,</span> <span class='ocrx_word' id='word_1_104' title='bbox 1046 1780 1076 1828; x_wconf 81' lang='lat' dir='ltr'>ro</span> 
     </span>
     <span class='ocr_line' id='line_1_19' title="bbox 161 1853 857 1937; baseline -0.001 -18"><span class='ocrx_word' id='word_1_105' title='bbox 161 1853 222 1920; x_wconf 81' lang='lat' dir='ltr'>Sed</span> <span class='ocrx_word' id='word_1_106' title='bbox 243 1855 347 1918; x_wconf 86' lang='lat' dir='ltr'>faeere</span> <span class='ocrx_word' id='word_1_107' title='bbox 369 1857 405 1917; x_wconf 93' lang='lat' dir='ltr'>ut</span> <span class='ocrx_word' id='word_1_108' title='bbox 426 1854 528 1937; x_wconf 85' lang='lat' dir='ltr'>quivis</span> <span class='ocrx_word' id='word_1_109' title='bbox 551 1855 668 1918; x_wconf 89' lang='lat' dir='ltr'>sentiat</span> <span class='ocrx_word' id='word_1_110' title='bbox 690 1857 722 1918; x_wconf 91' lang='lat' dir='ltr'>et</span> <span class='ocrx_word' id='word_1_111' title='bbox 742 1854 857 1918; x_wconf 82' lang='lat' dir='ltr'>videat.</span> 
     </span>
     <span class='ocr_line' id='line_1_20' title="bbox 117 1938 981 2021; baseline -0.002 -19"><span class='ocrx_word' id='word_1_112' title='bbox 117 1938 197 2014; x_wconf 70' lang='lat' dir='ltr'>‘Qui</span> <span class='ocrx_word' id='word_1_113' title='bbox 218 1938 370 2021; x_wconf 85' lang='lat' dir='ltr'>possum?</span> <span class='ocrx_word' id='word_1_114' title='bbox 393 1958 486 2001; x_wconf 91' lang='lat' dir='ltr'>nemo</span> <span class='ocrx_word' id='word_1_115' title='bbox 510 1939 632 2020; x_wconf 88' lang='lat' dir='ltr'>quaerit</span> <span class='ocrx_word' id='word_1_116' title='bbox 653 1961 712 2002; x_wconf 90' lang='lat' dir='ltr'>nec</span> <span class='ocrx_word' id='word_1_117' title='bbox 734 1938 814 2001; x_wconf 87' lang='lat' dir='ltr'>scire</span> <span class='ocrx_word' id='word_1_118' title='bbox 837 1938 981 2001; x_wconf 67' lang='lat' dir='ltr'>laborat)</span> 
     </span>
     <span class='ocr_line' id='line_1_21' title="bbox 158 2021 854 2086; baseline -0.001 -1"><span class='ocrx_word' id='word_1_119' title='bbox 158 2021 227 2085; x_wconf 90' lang='lat' dir='ltr'>Nos</span> <span class='ocrx_word' id='word_1_120' title='bbox 248 2022 410 2085; x_wconf 83' lang='lat' dir='ltr'>volumus:</span> <span class='ocrx_word' id='word_1_121' title='bbox 432 2022 525 2085; x_wconf 90' lang='lat' dir='ltr'>nobis</span> <span class='ocrx_word' id='word_1_122' title='bbox 548 2021 651 2086; x_wconf 90' lang='lat' dir='ltr'>dicere</span> <span class='ocrx_word' id='word_1_123' title='bbox 673 2045 714 2086; x_wconf 90' lang='lat' dir='ltr'>ne</span> <span class='ocrx_word' id='word_1_124' title='bbox 736 2022 854 2085; x_wconf 86' lang='lat' dir='ltr'>dubita.</span> 
     </span>
     <span class='ocr_line' id='line_1_22' title="bbox 118 2105 1013 2188; baseline -0.002 -20"><span class='ocrx_word' id='word_1_125' title='bbox 118 2105 278 2168; x_wconf 70' lang='lat' dir='ltr'>‘Primum</span> <span class='ocrx_word' id='word_1_126' title='bbox 299 2105 413 2188; x_wconf 88' lang='lat' dir='ltr'>igitur,</span> <span class='ocrx_word' id='word_1_127' title='bbox 436 2105 526 2188; x_wconf 86' lang='lat' dir='ltr'>virgo</span> <span class='ocrx_word' id='word_1_128' title='bbox 549 2105 633 2188; x_wconf 91' lang='lat' dir='ltr'>quod</span> <span class='ocrx_word' id='word_1_129' title='bbox 654 2106 754 2169; x_wconf 88' lang='lat' dir='ltr'>fertur</span> <span class='ocrx_word' id='word_1_130' title='bbox 767 2106 886 2169; x_wconf 88' lang='lat' dir='ltr'>tradita</span> <span class='ocrx_word' id='word_1_131' title='bbox 905 2105 1013 2184; x_wconf 80' lang='lat' dir='ltr'>nobis,</span> 
     </span>
     <span class='ocr_line' id='line_1_23' title="bbox 159 2188 1078 2272; baseline -0.008 -19"><span class='ocrx_word' id='word_1_132' title='bbox 159 2188 328 2253; x_wconf 84' lang='lat' dir='ltr'>Falsumst.</span> <span class='ocrx_word' id='word_1_133' title='bbox 359 2210 426 2251; x_wconf 91' lang='lat' dir='ltr'>non</span> <span class='ocrx_word' id='word_1_134' title='bbox 447 2189 536 2251; x_wconf 90' lang='lat' dir='ltr'>illam</span> <span class='ocrx_word' id='word_1_135' title='bbox 557 2189 605 2251; x_wconf 83' lang='lat' dir='ltr'>vir</span> <span class='ocrx_word' id='word_1_136' title='bbox 626 2189 714 2272; x_wconf 85' lang='lat' dir='ltr'>prior</span> <span class='ocrx_word' id='word_1_137' title='bbox 735 2189 890 2272; x_wconf 82' lang='lat' dir='ltr'>attigerit,</span> <span class='ocrx_word' id='word_1_138' title='bbox 1044 2199 1078 2246; x_wconf 76' lang='lat' dir='ltr'>‘ro</span> 
     </span>
     <span class='ocr_line' id='line_1_24' title="bbox 118 2272 894 2358; baseline -0.006 -19"><span class='ocrx_word' id='word_1_139' title='bbox 118 2273 313 2358; x_wconf 77' lang='lat' dir='ltr'>Languidior</span> <span class='ocrx_word' id='word_1_140' title='bbox 333 2276 443 2349; x_wconf 81' lang='lat' dir='ltr'>tenera</span> <span class='ocrx_word' id='word_1_141' title='bbox 465 2272 515 2334; x_wconf 92' lang='lat' dir='ltr'>cui</span> <span class='ocrx_word' id='word_1_142' title='bbox 536 2272 677 2354; x_wconf 91' lang='lat' dir='ltr'>pendens</span> <span class='ocrx_word' id='word_1_143' title='bbox 701 2273 800 2336; x_wconf 88' lang='lat' dir='ltr'>sicula</span> <span class='ocrx_word' id='word_1_144' title='bbox 820 2272 894 2335; x_wconf 82' lang='lat' dir='ltr'>beta</span> 
     </span>
     <span class='ocr_line' id='line_1_25' title="bbox 160 2354 946 2440; baseline -0.005 -18"><span class='ocrx_word' id='word_1_145' title='bbox 160 2357 344 2440; x_wconf 85' lang='lat' dir='ltr'>Numquam</span> <span class='ocrx_word' id='word_1_146' title='bbox 367 2379 400 2421; x_wconf 90' lang='lat' dir='ltr'>se</span> <span class='ocrx_word' id='word_1_147' title='bbox 422 2354 559 2419; x_wconf 90' lang='lat' dir='ltr'>mediam</span> <span class='ocrx_word' id='word_1_148' title='bbox 581 2356 708 2420; x_wconf 73' lang='lat' dir='ltr'>sustulit</span> <span class='ocrx_word' id='word_1_149' title='bbox 730 2355 769 2418; x_wconf 89' lang='lat' dir='ltr'>ad</span> <span class='ocrx_word' id='word_1_150' title='bbox 790 2355 946 2418; x_wconf 86' lang='lat' dir='ltr'>tunicam:</span> 
     </span>
     <span class='ocr_line' id='line_1_26' title="bbox 119 2438 794 2526; baseline -0.004 -21"><span class='ocrx_word' id='word_1_151' title='bbox 119 2441 181 2505; x_wconf 85' lang='lat' dir='ltr'>Sed</span> <span class='ocrx_word' id='word_1_152' title='bbox 202 2444 294 2524; x_wconf 87' lang='lat' dir='ltr'>pater</span> <span class='ocrx_word' id='word_1_153' title='bbox 315 2443 400 2505; x_wconf 87' lang='lat' dir='ltr'>illius</span> <span class='ocrx_word' id='word_1_154' title='bbox 421 2438 513 2526; x_wconf 88' lang='lat' dir='ltr'>gnati</span> <span class='ocrx_word' id='word_1_155' title='bbox 534 2439 669 2503; x_wconf 85' lang='lat' dir='ltr'>violasse</span> <span class='ocrx_word' id='word_1_156' title='bbox 691 2438 794 2503; x_wconf 92' lang='lat' dir='ltr'>cubile</span> 
     </span>
     <span class='ocr_line' id='line_1_27' title="bbox 161 2523 926 2605; baseline -0.003 -17"><span class='ocrx_word' id='word_1_157' title='bbox 161 2523 287 2588; x_wconf 84' lang='lat' dir='ltr'>Dicitur</span> <span class='ocrx_word' id='word_1_158' title='bbox 308 2527 341 2587; x_wconf 90' lang='lat' dir='ltr'>et</span> <span class='ocrx_word' id='word_1_159' title='bbox 361 2526 508 2588; x_wconf 86' lang='lat' dir='ltr'>miseram</span> <span class='ocrx_word' id='word_1_160' title='bbox 532 2524 762 2587; x_wconf 84' lang='lat' dir='ltr'>conscelerasse</span> <span class='ocrx_word' id='word_1_161' title='bbox 785 2523 926 2605; x_wconf 84' lang='lat' dir='ltr'>domum,</span> 
     </span>
     <span class='ocr_line' id='line_1_28' title="bbox 120 2607 1078 2691; baseline -0.007 -19"><span class='ocrx_word' id='word_1_162' title='bbox 120 2607 193 2672; x_wconf 83' lang='lat' dir='ltr'>Sive</span> <span class='ocrx_word' id='word_1_163' title='bbox 216 2607 299 2691; x_wconf 91' lang='lat' dir='ltr'>quod</span> <span class='ocrx_word' id='word_1_164' title='bbox 320 2607 409 2690; x_wconf 89' lang='lat' dir='ltr'>inpia</span> <span class='ocrx_word' id='word_1_165' title='bbox 429 2629 519 2671; x_wconf 91' lang='lat' dir='ltr'>mens</span> <span class='ocrx_word' id='word_1_166' title='bbox 543 2629 635 2672; x_wconf 88' lang='lat' dir='ltr'>caeco</span> <span class='ocrx_word' id='word_1_167' title='bbox 656 2607 813 2690; x_wconf 85' lang='lat' dir='ltr'>flagrabat</span> <span class='ocrx_word' id='word_1_168' title='bbox 835 2629 955 2689; x_wconf 84' lang='lat' dir='ltr'>amore,</span> <span class='ocrx_word' id='word_1_169' title='bbox 1047 2617 1078 2666; x_wconf 74' lang='lat'>25</span> 
     </span>
     <span class='ocr_line' id='line_1_29' title="bbox 163 2690 918 2773; baseline -0.004 -18"><span class='ocrx_word' id='word_1_170' title='bbox 163 2690 226 2757; x_wconf 83' lang='lat' dir='ltr'>Seu</span> <span class='ocrx_word' id='word_1_171' title='bbox 248 2691 331 2773; x_wconf 91' lang='lat' dir='ltr'>quod</span> <span class='ocrx_word' id='word_1_172' title='bbox 352 2691 437 2754; x_wconf 91' lang='lat' dir='ltr'>iners</span> <span class='ocrx_word' id='word_1_173' title='bbox 460 2692 561 2754; x_wconf 86' lang='lat' dir='ltr'>sterili</span> <span class='ocrx_word' id='word_1_174' title='bbox 583 2691 701 2754; x_wconf 89' lang='lat' dir='ltr'>semine</span> <span class='ocrx_word' id='word_1_175' title='bbox 722 2694 816 2753; x_wconf 88' lang='lat' dir='ltr'>natus</span> <span class='ocrx_word' id='word_1_176' title='bbox 838 2695 918 2771; x_wconf 84' lang='lat' dir='ltr'>erat,</span> 
     </span>
     <span class='ocr_line' id='line_1_30' title="bbox 119 2774 941 2857; baseline -0.005 -17"><span class='ocrx_word' id='word_1_177' title='bbox 119 2775 165 2840; x_wconf 81' lang='lat' dir='ltr'>Et</span> <span class='ocrx_word' id='word_1_178' title='bbox 186 2774 382 2857; x_wconf 84' lang='lat' dir='ltr'>quaerendus</span> <span class='ocrx_word' id='word_1_179' title='bbox 403 2775 431 2837; x_wconf 92' lang='lat' dir='ltr'>is</span> <span class='ocrx_word' id='word_1_180' title='bbox 453 2774 537 2837; x_wconf 92' lang='lat' dir='ltr'>unde</span> <span class='ocrx_word' id='word_1_181' title='bbox 558 2774 642 2836; x_wconf 89' lang='lat' dir='ltr'>foret</span> <span class='ocrx_word' id='word_1_182' title='bbox 662 2774 827 2836; x_wconf 88' lang='lat' dir='ltr'>nervosius</span> <span class='ocrx_word' id='word_1_183' title='bbox 848 2774 941 2856; x_wconf 84' lang='lat' dir='ltr'>illud,</span> 
     </span>
     <span class='ocr_line' id='line_1_31' title="bbox 164 2857 883 2941; baseline -0.001 -21"><span class='ocrx_word' id='word_1_184' title='bbox 164 2857 255 2933; x_wconf 82' lang='lat' dir='ltr'>Quod</span> <span class='ocrx_word' id='word_1_185' title='bbox 275 2861 385 2941; x_wconf 88' lang='lat' dir='ltr'>posset</span> <span class='ocrx_word' id='word_1_186' title='bbox 406 2878 520 2921; x_wconf 84' lang='lat' dir='ltr'>zonam</span> <span class='ocrx_word' id='word_1_187' title='bbox 542 2857 662 2920; x_wconf 84' lang='lat' dir='ltr'>solvere</span> <span class='ocrx_word' id='word_1_188' title='bbox 685 2857 883 2941; x_wconf 66' lang='lat' dir='ltr'>virgineam!</span> 
     </span>
     <span class='ocr_line' id='line_1_32' title="bbox 121 2941 867 3039; baseline -0.005 -32"><span class='ocrx_word' id='word_1_189' title='bbox 121 2941 298 3039; x_wconf 77' lang='lat' dir='ltr'>Egregium</span> <span class='ocrx_word' id='word_1_190' title='bbox 319 2964 428 3005; x_wconf 85' lang='lat' dir='ltr'>narras</span> <span class='ocrx_word' id='word_1_191' title='bbox 450 2943 530 3005; x_wconf 86' lang='lat' dir='ltr'>mira</span> <span class='ocrx_word' id='word_1_192' title='bbox 551 2941 669 3024; x_wconf 88' lang='lat' dir='ltr'>pietate</span> <span class='ocrx_word' id='word_1_193' title='bbox 691 2944 867 3023; x_wconf 86' lang='lat' dir='ltr'>parentem,</span> 
     </span>
     <span class='ocr_line' id='line_1_33' title="bbox 164 3025 1081 3109; baseline -0.005 -20"><span class='ocrx_word' id='word_1_194' title='bbox 164 3025 226 3101; x_wconf 79' lang='lat' dir='ltr'>um</span> <span class='ocrx_word' id='word_1_195' title='bbox 247 3026 317 3107; x_wconf 89' lang='lat' dir='ltr'>ipse</span> <span class='ocrx_word' id='word_1_196' title='bbox 340 3027 389 3089; x_wconf 90' lang='lat' dir='ltr'>sui</span> <span class='ocrx_word' id='word_1_197' title='bbox 410 3027 501 3109; x_wconf 86' lang='lat' dir='ltr'>gnati</span> <span class='ocrx_word' id='word_1_198' title='bbox 521 3025 672 3088; x_wconf 84' lang='lat' dir='ltr'>minxerit</span> <span class='ocrx_word' id='word_1_199' title='bbox 693 3025 728 3087; x_wconf 91' lang='lat' dir='ltr'>in</span> <span class='ocrx_word' id='word_1_200' title='bbox 750 3025 914 3109; x_wconf 90' lang='lat' dir='ltr'>gremium.</span> <span class='ocrx_word' id='word_1_201' title='bbox 1048 3037 1081 3084; x_wconf 87' lang='lat'>30</span> 
     </span>
     <span class='ocr_line' id='line_1_34' title="bbox 122 3108 996 3192; baseline -0.003 -18"><span class='ocrx_word' id='word_1_202' title='bbox 122 3110 222 3192; x_wconf 88' lang='lat' dir='ltr'>Atqui</span> <span class='ocrx_word' id='word_1_203' title='bbox 243 3131 310 3173; x_wconf 91' lang='lat' dir='ltr'>non</span> <span class='ocrx_word' id='word_1_204' title='bbox 332 3110 435 3172; x_wconf 90' lang='lat' dir='ltr'>solum</span> <span class='ocrx_word' id='word_1_205' title='bbox 456 3109 518 3172; x_wconf 90' lang='lat' dir='ltr'>hoc</span> <span class='ocrx_word' id='word_1_206' title='bbox 540 3131 573 3173; x_wconf 85' lang='lat' dir='ltr'>se</span> <span class='ocrx_word' id='word_1_207' title='bbox 596 3108 675 3171; x_wconf 86' lang='lat' dir='ltr'>dicit</span> <span class='ocrx_word' id='word_1_208' title='bbox 697 3128 733 3171; x_wconf 89' lang='lat' dir='ltr'>eo</span> <span class='ocrx_word' id='word_1_209' title='bbox 784 3108 860 3172; x_wconf 82' lang='lat' dir='ltr'>‘tum</span> <span class='ocrx_word' id='word_1_210' title='bbox 881 3108 996 3171; x_wconf 89' lang='lat' dir='ltr'>habere</span> 
     </span>
     <span class='ocr_line' id='line_1_35' title="bbox 164 3190 807 3276; baseline 0 -20"><span class='ocrx_word' id='word_1_211' title='bbox 164 3193 273 3256; x_wconf 81' lang='lat' dir='ltr'>Brixia</span> <span class='ocrx_word' id='word_1_212' title='bbox 295 3190 439 3275; x_wconf 80' lang='lat' dir='ltr'>Cycneae</span> <span class='ocrx_word' id='word_1_213' title='bbox 461 3193 625 3276; x_wconf 87' lang='lat' dir='ltr'>supposita</span> <span class='ocrx_word' id='word_1_214' title='bbox 647 3215 661 3256; x_wconf 88' lang='lat' dir='ltr'>s</span> <span class='ocrx_word' id='word_1_215' title='bbox 686 3213 743 3255; x_wconf 89' lang='lat' dir='ltr'>eeu</span> <span class='ocrx_word' id='word_1_216' title='bbox 756 3214 807 3274; x_wconf 85' lang='lat' dir='ltr'>ae,</span> 
     </span>
     <span class='ocr_line' id='line_1_36' title="bbox 123 3215 923 3359; baseline 0 -20"><span class='ocrx_word' id='word_1_217' title='bbox 123 3276 237 3340; x_wconf 84' lang='lat' dir='ltr'>Flavus</span> <span class='ocrx_word' id='word_1_218' title='bbox 259 3298 354 3359; x_wconf 89' lang='lat' dir='ltr'>quam</span> <span class='ocrx_word' id='word_1_219' title='bbox 375 3276 465 3339; x_wconf 92' lang='lat' dir='ltr'>molli</span> <span class='ocrx_word' id='word_1_220' title='bbox 486 3277 641 3359; x_wconf 76' lang='lat' dir='ltr'>percurrit</span> <span class='ocrx_word' id='word_1_221' title='bbox 661 3215 791 3339; x_wconf 57' lang='lat' dir='ltr'>flumine</span> <span class='ocrx_word' id='word_1_222' title='bbox 813 3275 923 3358; x_wconf 81' lang='lat' dir='ltr'>Mella,</span> 
     </span>
     <span class='ocr_line' id='line_1_37' title="bbox 165 3360 807 3425; baseline -0.002 -2"><span class='ocrx_word' id='word_1_223' title='bbox 165 3360 273 3423; x_wconf 87' lang='lat' dir='ltr'>Brixia</span> <span class='ocrx_word' id='word_1_224' title='bbox 293 3360 440 3425; x_wconf 89' lang='lat' dir='ltr'>Veronae</span> <span class='ocrx_word' id='word_1_225' title='bbox 462 3362 563 3423; x_wconf 84' lang='lat' dir='ltr'>mater</span> <span class='ocrx_word' id='word_1_226' title='bbox 584 3363 688 3423; x_wconf 84' lang='lat' dir='ltr'>amata</span> <span class='ocrx_word' id='word_1_227' title='bbox 710 3381 807 3423; x_wconf 86' lang='lat' dir='ltr'>meae.</span> 
     </span>
     <span class='ocr_line' id='line_1_38' title="bbox 125 3442 1082 3524; baseline -0.004 -15"><span class='ocrx_word' id='word_1_228' title='bbox 125 3444 185 3509; x_wconf 73' lang='lat' dir='ltr'>‘Bt</span> <span class='ocrx_word' id='word_1_229' title='bbox 206 3444 252 3514; x_wconf 77' lang='lat' dir='ltr'>de¹</span> <span class='ocrx_word' id='word_1_230' title='bbox 265 3444 429 3509; x_wconf 83' lang='lat' dir='ltr'>Postumio</span> <span class='ocrx_word' id='word_1_231' title='bbox 453 3445 485 3506; x_wconf 89' lang='lat' dir='ltr'>et</span> <span class='ocrx_word' id='word_1_232' title='bbox 507 3442 634 3508; x_wconf 80' lang='lat' dir='ltr'>Corneli</span> <span class='ocrx_word' id='word_1_233' title='bbox 655 3446 765 3506; x_wconf 85' lang='lat' dir='ltr'>narrat</span> <span class='ocrx_word' id='word_1_234' title='bbox 786 3464 907 3524; x_wconf 87' lang='lat' dir='ltr'>amore,</span> <span class='ocrx_word' id='word_1_235' title='bbox 1050 3457 1082 3505; x_wconf 82' lang='lat'>35</span> 
     </span>
    </p>
   </div>
   <div class='ocr_carea' id='block_1_6' title="bbox 0 0 1205 3998">
    <p class='ocr_par' dir='ltr' id='par_1_9' title="bbox 0 0 1205 3998">
     <span class='ocr_line' id='line_1_39' title="bbox 0 0 1205 3998; baseline 0 0"><span class='ocrx_word' id='word_1_236' title='bbox 0 0 1205 3998; x_wconf 95' lang='lat' dir='ltr'> </span> 
     </span>
    </p>
   </div>
  </div>
 </body>
</html>
