2362 3998
107 222 214 295 1111]
531 220 647 277 nisan
1025 217 1068 282 53

149 383 195 447 Vt
214 382 273 446 tibi
294 384 363 447 tum
384 384 454 445 toto
476 384 605 464 pectore
627 381 782 446 sollicitae

108 466 260 532 Sensibus
282 466 398 548 ereptis
420 487 510 529 mens
533 465 662 530 excidit!
686 468 720 529 at
739 469 771 530 te
794 486 853 550 ego
876 469 960 531 corte
1034 479 1067 528 25

150 548 334 634 Cognoram
354 571 373 612 a
393 570 491 631 parva
512 549 636 644 virgine
656 550 902 634 magnanimem.

108 633 203 697 Anne
225 633 345 696 bonum
366 632 491 696 oblita's
512 631 651 715 faemos,
674 654 737 716 quo
751 634 875 718 regium
889 633 1027 716 adepta's

149 715 358 801 Coniugium,
381 736 443 798 quo
466 737 532 780 non
553 716 668 781 fortius
690 718 774 780 ausit
796 716 878 781 alis?

108 800 171 866 Sed
185 803 255 864 turn
268 803 390 864 maesta
403 801 507 863 virum
520 799 650 864 mittens
667 821 746 882 quae
760 801 857 864 verba
870 800 1016 866 locuta’sl

149 881 309 968 Iuppiter,
330 885 367 946 nt
387 883 472 946 tristi
494 883 615 946 lumina
636 904 730 968 saepe
750 887 860 948 manu!
1035 897 1069 946 30

108 967 186 1045 Quis
207 971 241 1030 te
262 967 397 1031 mutavit
417 967 525 1030 tantus
548 967 645 1030 deus?
668 989 710 1030 an
731 967 816 1050 quod
838 971 979 1033 amantes

150 1050 227 1116 Non
248 1051 346 1135 longe
368 1071 388 1113 a
409 1070 482 1114 caro
505 1071 635 1133 corpore
658 1051 768 1116 abesse
789 1051 922 1116 volunt?

106 1135 138 1198 A
175 1155 215 1199 ue
236 1134 283 1198 ibi
303 1155 354 1198 me
377 1134 498 1198 cunctis
520 1154 578 1217 pro
601 1133 684 1198 dulci
707 1134 842 1246 ooniupe
864 1135 944 1200 divis

183 1238 226 1282 on
248 1218 317 1282 sine
338 1218 464 1281 taurino
488 1217 642 1314 sanguine
662 1218 848 1301 pollicitae,

108 1301 162 1368 Sei
183 1301 319 1366 reditum
340 1301 507 1365 tetulisset.
544 1322 573 1364 1s
593 1301 673 1365 haut
693 1302 729 1365 in
749 1305 815 1366 tem
839 1323 892 1366 ors
913 1303 1012 1387 longo
1036 1313 1069 1364 35

150 1384 287 1469 Captum
307 1385 419 1450 Asiam
440 1385 582 1470 Aegypti
603 1385 719 1450 finibus
741 1325 912 1450 0111111111

108 1469 187 1546 Quis
211 1490 272 1567 ego
292 1489 352 1553 pro
374 1469 467 1533 factis
490 1469 619 1533 caelesti
638 1469 762 1533 reddita
784 1472 876 1536 coetu

150 1553 291 1618 Pristrna
311 1555 386 1616 vota
406 1572 491 1616 novo
513 1574 643 1617 1111111111
666 1553 816 1618 1111101110.

108 1637 229 1719 invita,
252 1659 271 1701 0
293 1637 422 1734 regina,
444 1639 500 1700 tuo
523 1637 562 1700 de
583 1637 700 1702 vertice
722 1636 819 1719 cessi,

150 1720 270 1784 Invita:
292 1720 401 1785 adiuro
423 1723 518 1803 teque
539 1724 690 1803 tuomque
712 1741 748 1785 ca
770 1723 821 1803 ut,
1038 1731 1072 1781 40

81 1855 85 1862 .
108 1803 151 1868 Di
199 1805 321 1868 aferat
342 1803 426 1887 quod
448 1804 547 1887 siquis
569 1805 707 1869 inaniter
727 1826 746 1868 a
771 1804 892 1869 ’11111111

152 1826 214 1953 §ild
236 1888 290 1971 qui
312 1909 346 1952 se
367 1888 452 1951 ferro
473 1889 613 1970 postulet
634 1909 703 1952 esse
724 1888 855 1972 parem?

109 1970 169 2035 Ille
190 1991 315 2054 quoque
335 1992 461 2036 eversus
482 1991 575 2035 mons
596 1975 659 2055 est,
680 1994 774 2055 quem
788 1972 960 2036 maximum
974 1972 1009 2035 in

716 2057 786 2120 orbi

151 2137 215 2203 Pro
240 2139 327 2204 enies
348 2139 448 2204 Thiae
470 2140 555 2204 clara
577 2139 811 2222 supervehitur,

109 2221 192 2288 Cum
206 2160 294 2287 hedi
307 2244 458 2321 peperere
472 2244 590 2287 novom
604 2244 701 2305 mare,
723 2244 857 2306 cumque
870 2223 1017 2287 iuventus
1038 2231 1071 2283 4⁶

152 2306 215 2371 Per
235 2306 375 2371 medrum
398 2308 492 2372 classi
513 2307 648 2371 barbara
668 2307 757 2370 navit
777 2306 897 2371 Athon.

109 2390 195 2466 Quid
215 2390 335 2454 facient
357 2391 476 2474 crines,
499 2412 570 2455 oum
591 2390 676 2455 ferro
697 2390 774 2454 talia
795 2389 931 2454 cedant?

152 2473 310 2557 luppiter,
332 2477 368 2538 nt
390 2474 557 2557 Chalybon
579 2495 673 2538 omne
695 2495 795 2558 genus
816 2475 941 2557 pereat,

109 2557 156 2622 Et
176 2558 231 2640 qui
252 2558 410 2704 principio
434 2559 493 2623 sub
514 2561 598 2622 terra
620 2578 769 2704 poserem
790 2578 887 2622 venas

152 2639 276 2704 Institit
296 2662 333 2705 ao
369 2641 431 2705 erri
451 2642 598 2726 frangere
642 2641 782 2704 uritiem!
1039 2650 1074 2700 oo

109 2722 290 2788 Abiunctae
311 2725 407 2808 paulo
430 2728 504 2789 ante
527 2746 635 2789 comae
656 2745 728 2788 mea
748 2724 816 2787 fata
837 2743 962 2787 sorores

152 2806 334 2892 Lugebsnt,
358 2829 430 2871 oum
453 2830 486 2872 se
507 2807 689 2872 Memnonis
711 2806 880 2890 Aethiopis

109 2889 177 2956 Vni
201 2912 263 2954 ena
283 2891 441 2974 inpellens
461 2891 658 2955 nictantibus
680 2912 753 2955 aera
773 2891 888 2973 pennis

177 2911 281 3038 11111111
301 2975 455 3039 Arsinoes
476 2974 630 3039 Locridos
652 2975 717 3038 ales
740 2995 853 3057 equos,

111 3056 207 3205 Ioppe
251 3078 286 3122 er
307 3058 462 3123 aetherias
484 3080 535 3122 1111
556 3057 673 3122 tollens
695 3058 801 3122 evolat
821 3057 949 3122 umbras
1042 3067 1076 3118 55

182 3144 198 3205 t
250 3142 353 3205 enoris
376 3145 463 3205 casto
487 3142 623 3206 collocat
643 3142 679 3205 in
699 3142 832 3226 gremio.

111 3221 188 3307 Ipsa
208 3246 301 3290 suum
323 3224 503 3308 Zephyritis
526 3247 564 3289 10
585 3225 741 3290 famulum
762 3225 900 3309 legarat,

156 3307 254 3373 Graia
277 3309 363 3374 Cano
387 3309 445 3372 ieis
467 3308 575 3372 incola
595 3308 752 3374 litoribus.

112 3331 515 3473 1[Η111111111111111110
537 3412 579 3454 ne
601 3392 704 3455 solum
726 3393 761 3455 in
782 3390 902 3455 lumine
924 3390 1003 3454 caeli

153 3473 206 3538 Ax
226 3473 396 3538 Ariadneis
417 3495 513 3540 111111
533 3475 730 3562 temporibus
1047 3483 1088 3528 11
