2362 3998
509 218 662 276 ιιιιιιι
1001 170 1069 293 [ιιι

549 384 623 459 ΟΠ.

172 515 207 581 si
250 517 397 614 uinquam
417 515 515 580 tacito
538 516 765 580 conmissumst
784 515 848 614 fido
871 515 910 581 ab
931 517 1049 600 amico,

241 600 312 665 uius
334 600 377 665 sit
397 600 524 698 penitqs
545 603 624 664 nota
644 600 723 664 fides
745 600 861 683 animi,

172 683 288 768 Meque
309 705 379 750 esse
399 705 541 749 mvemes
562 683 721 748 illorum
711 705 780 749 rure
802 687 975 767 sacratum,

216 767 361 853 Corneli,
383 771 416 833 ιι
436 768 556 833 factum
577 790 628 832 me
651 789 719 833 esse
737 772 815 853 puta
828 733 1068 852 Harpocratem

516 900 666 910 ——-—-

546 981 637 1058 cm.

175 1115 256 1197 Aut,
279 1113 389 1196 sodes,
411 1112 491 1177 mihi
511 1113 607 1176 redde
630 1113 739 1178 decem
761 1115 921 1196 sestertia,
944 1113 1027 1198 Silo,

217 1162 342 1262 Deinde
364 1199 432 1261 esto
454 1197 596 1280 quamvis
618 1217 730 1261 saevus
752 1200 785 1261 et
805 1198 994 1263 indomitus:

175 1284 257 1364 Aut,
281 1281 309 1344 si
329 1284 362 1346 te
383 1281 507 1345 nummi
528 1281 704 1364 delectent,
726 1281 835 1346 desine
857 1303 975 1379 quaeso

218 1365 305 1430 Leno
329 1386 397 1430 esse
419 1369 514 1450 atque
536 1363 621 1429 idem
644 1387 756 1430 saevus
779 1370 812 1430 et
832 1366 1016 1430 indomitus.

537 1580 644 1655 CIIII.

177 1709 288 1776 Credis
309 1733 361 1775 me
382 1713 524 1796 potuisse
545 1732 634 1776 meae
656 1712 844 1809 maledicere
866 1714 965 1796 vitae,

219 1794 385 1859 Ambobus
406 1795 486 1859 mihi
507 1815 588 1889 quae
610 1795 712 1859 carior
733 1799 782 1858 ιιι
803 1795 926 1859 oculis?

176 1877 252 1942 Non
273 1877 379 1958 potui,
406 1898 466 1940 neo
487 1877 515 1938 ιι
535 1896 664 1957 possem
686 1880 753 1939 tam
773 1877 895 1960 perdite
919 1898 1074 1945 amarem:

219 1959 316 2024 Sedt
319 1980 337 2020 u
360 1979 431 2021 curu
453 1958 606 2042 Tappone
629 1959 736 2023 omnia
757 1965 865 2026 monet
866 1984 901 2026 ra
850 1962 1010 2028 tfacie.

560 2174 629 2248 CV.

177 2305 321 2370 Mentula
343 2310 474 2370 conatur
495 2305 643 2399 Pipleum
663 2301 812 2368 scandere
833 2300 991 2363 montem·

219 2389 329 2454 Musae
350 2390 483 2453 furcillis
505 2386 709 2469 praecipitem
731 2383 858 2446 eiciunt.

518 2511 668 2522 ..---

548 2596 637 2671 CVI.

178 2733 259 2800 Oum
281 2752 379 2817 puero
401 2731 485 2795 bello
496 2750 696 2828 praeconem
719 2728 772 2812 qui
794 2728 880 2792 videt
865 2730 985 2811 tesse,

220 2817 303 2894 Quid
325 2816 446 2899 credat,
469 2815 533 2879 nisi
554 2836 588 2879 se
609 2814 745 2878 vendere
768 2811 955 2896 discupere?

542 3030 649 3104 CVII

179 3152 257 3218 Siu
259 3155 290 3217 oi
312 3154 387 3237 quid
411 3154 524 3237 cupido
547 3153 733 3236 optantique
756 3152 875 3249 obtigit
895 3170 1043 3245 umquam

215 3175 416 3322 Ὲιριιιιιιι,
437 3238 499 3302 hoo
521 3242 570 3302 est
591 3240 718 3322 gratum
740 3236 846 3301 animo
867 3234 1002 3331 proprie.

180 3322 284 3399 Quare
305 3323 368 3388 hoc
390 3325 438 3388 est
459 3325 585 3420 gratum
604 3322 760 3405 nobisque
782 3323 832 3385 est
852 3319 954 3384 carius
974 3338 1065 3400 auro,

223 3408 314 3485 Quod
335 3411 367 3472 te
389 3408 544 3489 restituis,
566 3405 696 3488 Lesbia,
718 3406 763 3470 mi
779 3402 913 3502 cupide,

129 3491 329 3558 oneretur
351 3493 470 3580 cupido
494 3495 588 3579 atque
611 3455 819 3576 insperanti
808 3508 879 3572 1psa
899 3487 1060 3551 referste.
