2362 3998
132 217 173 283 40
537 220 690 277 0222222
971 223 1093 293 [narni

215 384 289 469 Ipse
311 388 416 449 autem
438 404 529 448 caeca
551 386 689 446 mentem
712 383 847 468 caligine
868 384 1010 448 Theseus

217 468 366 534 consitus
388 468 487 532 oblito
510 466 630 531 dimisit
650 470 779 550 pectore
801 471 930 550 cuncta,

217 553 304 628 Quae
324 552 474 616 mandata
493 551 582 633 prius
604 552 764 615 constanti
785 555 890 616 mente
912 552 1059 636 tenebat,

18 636 38 650 ‘'
133 646 183 698 210
216 634 331 700 Dulcia
351 656 411 699 nec
431 637 551 699 maesto
575 634 744 698 sustollens
767 636 861 718 signa
884 637 1010 719 parenti

218 719 377 803 Sospiteffl
397 718 612 782 Erechtheum
633 739 667 781 se
682 719 822 783 ostendit
838 720 939 784 visere
953 723 1028 803 port
1085 771 1093 787 .

216 803 362 886 Namque
383 804 490 867 feriant
510 802 601 886 olim,
625 804 730 866 castae
752 824 824 867 cum
845 804 971 868 moenia
993 804 1084 868 divae

216 887 427 971 Linquentem
448 889 582 971 gnatum
603 886 705 950 ventis
731 887 934 951 concrederet
954 888 1094 972 Aegeus,

216 971 309 1036 Talia
330 972 518 1054 conplexum
539 970 646 1034 inveni
667 971 817 1034 mandata
839 970 971 1035 dedisse.

133 1067 183 1118 212
219 1056 335 1120 ‘Gnate
357 1054 436 1118 mihi
458 1055 558 1138 longa
578 1054 745 1118 iocundior
765 1055 859 1118 unice
880 1055 961 1137 vita,

133 1153 183 1202 212
217 1138 352 1203 Reddite
373 1140 409 1201 in
430 1140 570 1201 extrema
590 1159 692 1220 nuper
711 1137 792 1200 mihi
812 1139 875 1202 fine
898 1141 1058 1221 senectae,

133 1238 183 1286 210
219 1223 331 1302 Gnate,
346 1242 405 1307 ego
422 1242 515 1304 quem
529 1222 564 1284 in
579 1220 691 1284 dubios
707 1242 805 1306 cogor
819 1222 977 1287 dimittere
992 1244 1093 1306 casus,

217 1305 477 1388 Quandoquidem
491 1306 620 1369 fortuna
633 1326 704 1368 mea
726 1326 762 1369 20
783 1308 838 1370 tua
859 1305 980 1370 fervida
993 1307 1094 1371 virtus

217 1390 324 1472 Eripit
344 1390 444 1454 invito
465 1388 545 1452 mihi
565 1393 611 1471 tc,
635 1389 685 1452 cui
708 1389 859 1473 languida
879 1390 1021 1454 nondum

133 1488 184 1538 220
217 1474 354 1538 Lumina
377 1475 452 1537 sunt
472 1473 563 1557 gnati
584 1493 657 1536 cara
679 1477 818 1537 saturata
838 1474 954 1558 figura:

217 1558 294 1623 Non
315 1578 374 1642 ego
396 1562 428 1622 te
449 1557 590 1642 gaudens
612 1556 745 1621 laetanti
765 1559 894 1640 pectore
914 1557 1057 1641 mittam,

218 1640 340 1706 Necte
361 1641 444 1706 ferre
466 1641 569 1704 sinam
590 1640 736 1705 fortunae
759 1642 851 1725 signa
872 1641 1044 1720 secundae,

142 1804 144 1808 μ
219 1725 281 1790 Sed
302 1725 439 1809 primum
460 1726 576 1789 multas
599 1745 780 1807 expromam
800 1726 907 1788 mente
928 1725 1093 1809 querellas,

218 1808 378 1874 Canitiem
398 1812 483 1872 terra
504 1812 598 1891 atque
619 1809 724 1871 infuso
745 1808 874 1890 pulvere
895 1809 1040 1892 foedans,

135 1907 184 1955 225
218 1892 297 1956 inde
318 1892 436 1956 infecte
456 1911 538 1974 vago
561 1891 751 1973 suspendam
772 1892 871 1955 lintea
892 1893 991 1975 malo,

218 1975 357 2040 Nostros
378 1977 414 2038 ut
434 1975 538 2037 luctus
559 1978 749 2057 nostraeque
769 1975 917 2039 incendia
937 1976 1054 2040 mentis

220 2058 377 2124 (larbasus
399 2058 566 2122 obscurata
588 2057 679 2122 decet
699 2059 860 2143 ferrugine
882 2058 1012 2124 Hibera.

219 2143 311 2219 Quod
329 2143 390 2206 tibi
411 2142 440 2206 si
460 2142 564 2206 sancti
585 2143 776 2207 concesserit
797 2144 901 2207 incola
921 2143 1022 2226 Itoni,

219 2227 307 2303 Quae
321 2229 466 2291 nostrum
479 2247 580 2311 genus
595 2248 632 2290 ac
643 2227 732 2290 sedes
743 2226 911 2291 defendere
921 2226 1092 2292 Erechthei

135 2325 185 2374 230
218 2311 358 2394 Adnuit,
380 2314 417 2374 ut
437 2311 520 2374 tauri
541 2331 708 2394 respergas
730 2311 885 2408 sanguine
907 2310 1063 2390 dextram,

218 2395 301 2458 Tum
321 2416 396 2458 vero
417 2394 514 2458 facito
535 2398 572 2457 ut
592 2394 725 2457 memori
746 2395 806 2458 tib1
828 2394 957 2459 condita
978 2393 1071 2458 corde

218 2478 307 2541 Haeo
328 2478 360 2541 vi
384 2481 459 2542 eant
479 2477 644 2560 mandata,
665 2498 725 2541 nec
738 2477 804 2551 ulla
819 2478 981 2542 oblitteret
995 2482 1092 2560 aetas,

218 2560 264 2625 Vt
285 2562 345 2625 sim
381 2581 417 2624 ac
438 2563 566 2624 nostros
587 2560 726 2625 invisent
747 2561 868 2625 lumina
889 2562 1001 2638 001102,

218 2645 392 2709 Funestam
412 2647 570 2709 22102220
592 2644 755 2728 deponant
776 2645 915 2728 undique
936 2647 1071 2728 vestem,

135 2743 185 2792 230
221 2728 425 2813 Candidaque
446 2729 558 2793 intorti
580 2730 750 2793 sustollant
769 2730 839 2793 vela
859 2728 1008 2793 rudentes
1014 2777 1038 2812 ,.

136 2813 338 2878 rasbLucida
359 2835 422 2897 qua
442 2813 611 2897 splendent
632 2813 748 2878 summi
770 2811 930 2877 carchesia
952 2813 1043 2894 mali,

219 2898 322 2974 Quam
343 2898 482 2982 primum
503 2918 635 2962 cernens
656 2900 692 2960 ut
711 2897 795 2960 laeta
815 2897 932 2981 gaudia
952 2899 1058 2961 mente

218 2983 412 3066 Agnoscam,
426 3002 497 3046 cum
511 2983 543 3044 te
558 2982 703 3045 reducem
718 2981 805 3044 aetas
816 3001 969 3064 prospera
980 2980 1092 3044 sistet!

218 3064 308 3130 Haec
328 3066 477 3129 mandata
497 3063 586 3147 prius
609 3063 769 3128 constanti
790 3067 896 3129 mente
917 3066 1079 3128 tenentenr

219 3147 342 3213 Thesea
363 3165 421 3213 002
440 3148 551 3245 pulsae
571 3149 740 3211 ventorum
760 3147 889 3212 flamine
909 3148 1009 3212 nubes

135 3245 186 3295 240
219 3233 351 3296 Aerium
372 3232 458 3296 niver
478 3232 597 3295 montis
619 3231 739 3314 liquere
761 3252 920 3297 cacumen.

218 3317 265 3382 At
278 3319 384 3400 pater,
406 3320 442 3381 nt
456 3337 579 3379 summa
615 3327 796 3399 rospectum
810 3337 850 3380 ex
863 3335 935 3379 arce
949 3313 1092 3398 petebat,

219 3399 326 3464 Anxia
346 3401 381 3464 in
402 3399 550 3464 adsiduos
572 3338 740 3464 adsumens
761 3399 882 3462 lumina
902 3397 1010 3480 fletus,

220 3483 299 3548 oum
317 3484 460 3568 primum
480 3484 590 3549 inlecti
613 3482 779 3568 conspexit
799 3482 898 3548 lintea
919 3481 996 3565 veli,
