2362 3998
31 264 37 276 ‚
93 184 134 249 28
502 186 654 246 cervum
957 181 1055 254 [nvn.

181 349 252 415 Vno
272 349 308 414 in
328 349 461 431 lectulo,
484 347 632 412 erudituli
654 346 762 428 ambo,

177 433 254 499 Non
275 432 327 498 hio
349 455 443 516 quam
464 432 519 496 ille
540 431 643 515 magis
664 452 762 494 vorax
784 427 921 510 adulter,

177 516 306 581 Rivales
328 516 424 580 sooiei
445 516 663 598 puellulurum.
820 585 824 594 ,

96 614 128 663 10
176 600 289 665 Pulore
311 599 460 666 oonvenit
480 599 624 682 inprobis
647 596 797 662 oinaedi's.

497 743 648 755 ..n—.—

509 844 636 919 nuni.
707 804 712 814 ’

181 974 287 1059 Caeli,
308 975 423 1040 Lesbia
443 979 568 1057 nostra,
590 973 706 1038 Lesbia
727 973 798 1056 illa,

180 1059 241 1123 Illa
261 1059 390 1143 Lesbia,
413 1080 507 1142 quam
528 1058 671 1123 Catullus
693 1078 790 1119 unam

180 1143 257 1207 Plus
279 1164 373 1226 quam
394 1163 428 1206 se
450 1145 544 1224 atque
566 1160 640 1205 suos
662 1140 780 1204 amavit
801 1159 928 1222 omnes,

180 1226 275 1291 Nune
296 1226 331 1289 in
353 1224 523 1308 quadriviis
546 1228 578 1289 et
599 1224 775 1308 angiportis

182 1309 292 1374 Glubit
312 1309 533 1394 magnanimos
555 1307 647 1372 Remi
669 1310 811 1391 nepotes
873 1375 879 1383 ,

499 1555 644 1628 LVllll.

182 1686 395 1751 Bononiensis
416 1685 500 1750 Rufa
520 1685 672 1750 Rufulum
692 1685 798 1766 fellat,

182 1769 272 1834 onr
292 1768 436 1853 Meneni,
459 1791 551 1852 saepe
573 1789 668 1851 quam
688 1769 723 1831 in
745 1766 929 1850 sepulcretis

182 1852 316 1918 Vidistis
337 1854 407 1936 ipso
429 1873 539 1935 rapere
561 1851 599 1915 de
621 1871 700 1934 rogo
723 1871 847 1932 senam,

184 1936 265 2001 Cum
287 1936 467 2000 devolutum
490 1957 528 1998 ex
548 1935 624 2018 igne
645 1936 839 2017 prosequens
861 1953 975 2016 panem

182 2020 234 2084 Ab
257 2019 407 2084 semiraso
428 2018 613 2084 tunderetur
633 2020 748 2081 ustore.

501 2166 653 2174 ———

539 2267 614 2340 LX.

183 2397 271 2464 Num
291 2401 324 2462 ts
345 2398 457 2461 leaena
477 2397 639 2461 montibus
661 2395 835 2479 Libystinis

184 2484 252 2546 Aut
273 2480 379 2564 Scylla
399 2480 520 2543 latrans
541 2479 652 2542 infima
672 2479 840 2563 inguinum
860 2479 949 2560 parte

185 2565 264 2629 Tam
285 2567 392 2627 mente
414 2562 491 2626 dura
511 2563 697 2646 procreavit·
711 2583 747 2626 ao
768 2563 885 2643 taetra,
993 2615 996 2619 .
1024 2601 1029 2609 ·

184 2647 231 2712 Vt
252 2646 404 2731 supplicis
425 2667 536 2710 vooem
556 2647 592 2711 in
612 2646 785 2711 novissimo
808 2665 883 2709 oasu
990 2685 996 2697 ·

115 2746 132 2794 s
185 2731 409 2814 Contemptsm
430 2729 564 2794 haberes
585 2733 617 2796 a!
640 2730 736 2794 nimis
757 2728 826 2793 fero
849 2727 965 2792 eorde?

505 2878 654 2886 --——-

532 2978 624 3051 LXI.

305 3108 406 3175 Collis
428 3131 446 3174 o
468 3109 629 3172 Heliconii

347 3191 474 3276 Cultor,
497 3192 636 3257 Vraniae
657 3213 773 3278 genus,

347 3277 410 3353 Qui
430 3277 516 3360 rapis
537 3281 679 3341 teneram
700 3276 740 3340 ad
761 3277 862 3341 virum

305 3360 486 3447 Virginem,
508 3381 527 3424 o
549 3359 732 3444 Hymenaee
753 3359 895 3444 Hymen,
1021 3371 1023 3376 '

118 3459 133 3509 o
347 3445 374 3512 0
396 3445 523 3530 Hymen
544 3443 742 3528 Hymenaee,
