2362 3998
120 205 162 271 38
528 211 680 268 curvum
972 212 1079 275 [LXIII.

152 372 328 437 5Devolsit
348 373 402 437 ilci
424 375 516 437 acuto
539 373 599 437 sibi
620 374 762 456 pondera
783 373 880 438 silice.

184 456 294 540 Itaque
315 459 351 519 ut
371 457 483 521 relicta
504 458 604 521 sensit
624 457 686 521 sibi
707 458 849 522 membra
870 458 938 521 sine
960 459 1045 542 viro,

183 540 291 604 Etiam
311 543 437 604 recente
458 543 561 605 terrac
583 540 652 604 sola
673 543 828 626 sanguine
848 542 1012 606 maculans

183 623 294 688 Niveis
317 624 414 687 citata
435 625 520 709 cepit
539 624 686 688 manibus
707 625 775 689 leve
796 628 965 708 typanum,

184 707 366 790 Typanum,
387 710 477 772 tuom
499 707 642 792 Cybebe,
664 711 733 791 tua,
756 714 872 792 mater,
894 710 1001 793 initia,

137 803 169 853 ιο
184 791 398 875 Quatiensque
418 795 511 877 terga
531 792 632 856 taurci
653 793 772 856 teneris
794 813 870 856 cava
892 793 1002 877 digitis

185 874 305 940 Cancro
326 875 406 940 haec
427 877 492 940 suis
514 876 657 940 adortast
677 876 885 940 tremebunda
899 877 1077 942 comitibus.

185 960 295 1046 ‘Agite
310 959 353 1024 ite
368 959 407 1024 ad
422 961 501 1042 alta,
525 959 651 1042 Gallae,
674 959 808 1044 Cybeles
822 980 953 1024 nemora
974 961 1078 1044 simul,

185 1043 286 1108 Simul
307 1045 365 1125 ite,
380 1043 607 1126 ‚Dindymenae
629 1044 776 1108 dominae
797 1065 878 1129 vaga
899 1065 1031 1129 pecora,

184 1128 300 1190 Aliena
321 1147 400 1209 quae
421 1130 565 1211 petentes
587 1128 674 1191 velut
695 1128 801 1192 exules
823 1129 893 1192 loca

137 1224 167 1272 15
183 1209 308 1274 Sectam
329 1231 433 1273 meam
456 1213 603 1275 executae
624 1212 703 1275 duce
724 1232 775 1275 me
796 1211 875 1275 mihi
897 1212 1029 1276 comites

183 1294 341 1358 Rabidum
363 1295 465 1369 salum
485 1295 603 1359 tulistis
624 1296 864 1378 truculentaque
885 1296 998 1380 pelage

183 1377 227 1442 Et
248 1398 362 1461 corpus
384 1378 527 1443 evirastis
548 1378 682 1444 Veneris
703 1379 803 1443 nimio
826 1380 915 1463 odio,

183 1461 327 1526 Hilarate
349 1483 420 1526 erae
441 1463 546 1527 citatis
569 1463 726 1527 erroribus
749 1463 898 1527 animum.

183 1546 275 1610 Mora
295 1546 386 1610 tarda
406 1551 512 1611 mente
535 1548 639 1612 cedat:
662 1548 757 1611 simul
777 1549 836 1630 ite,
859 1548 1028 1630 sequimini

135 1642 168 1692 20
182 1629 356 1716 Phrygiam
383 1630 422 1694 ad
450 1631 578 1696 domum
606 1631 764 1715 Cybebae,
792 1632 933 1779 Phpygia
958 1631 998 1695 ad
1026 1653 1079 1696 ne·

724 1737 813 1779 more
856 1737 911 1779 cac

183 1798 247 1863 Vbi
268 1800 448 1882 cymbalum
469 1803 564 1863 sonat
583 1820 660 1882 vox,
681 1799 736 1862 ubi
758 1765 1079 1884 tympana'reboant,

183 1882 316 1947 Tibicen
336 1883 391 1946 ubi
413 1883 500 1946 canit
520 1882 626 1965 Phryx
650 1903 744 1945 curvo
766 1903 863 1966 grave
885 1882 1023 1968 calam0,

183 1965 247 2028 Vbi
270 1965 375 2049 capita
395 1964 566 2029 Maenades
587 1965 619 2030 vi
640 1965 760 2029 iaciunt
781 1965 979 2063 ederigcrac,

183 2048 248 2113 Vbi
269 2070 359 2113 sacra
381 2052 490 2114 sancta
511 2050 611 2114 acutis
633 2049 805 2113 ululatibus
827 2054 967 2135 agitant,

135 2147 167 2196 25
182 2132 246 2196 Vbi
268 2134 370 2198 suevit
390 2134 447 2197 illa
468 2134 558 2198 divae
579 2134 712 2199 volitare
733 2155 815 2219 vaga
837 2134 966 2199 cohors:

184 2217 253 2292 Quo
274 2238 335 2281 nos
357 2217 448 2283 decet
468 2219 573 2283 citatis
596 2219 730 2283 celerare
750 2218 920 2302 tripudiis?

183 2301 286 2367 Simul
306 2300 386 2366 haec
408 2303 576 2367 comitibus
591 2303 677 2367 Attis
700 2304 815 2368 cecinit
835 2303 935 2367 notha
955 2303 1078 2388 mulier,

184 2384 318 2450 Thiasus
338 2389 469 2468 repente
490 2387 608 2470 linguis
630 2387 861 2468 trepidantibus
883 2387 998 2470 ululat,

183 2469 266 2533 Leve
287 2471 473 2552 tympanum
487 2470 634 2552 remugit,
656 2491 732 2533 cava
745 2471 890 2553 cymbala
902 2475 1078 2555 recrepant,

136 2567 168 2615 30
182 2552 325 2618 Viridem
348 2553 429 2616 citus
450 2552 517 2616 adit
537 2551 628 2616 Idam
649 2557 838 2636 properante
857 2555 937 2639 pede
952 2554 1078 2620 chorus.

182 2635 367 2702 Furibunda
392 2636 486 2701 simul
513 2635 665 2701 anhelans
693 2659 775 2722 vaga
805 2638 907 2722 vadit,
940 2640 1079 2703 animam

723 2744 743 2785 a
766 2744 822 2785 ens

184 2805 343 2872 Comitata
364 2809 516 2890 tympano
539 2806 625 2871 Attis
647 2828 704 2890 per
725 2744 836 2888 chaom
848 2828 979 2872 nemora
1000 2808 1078 2890 dux,

183 2889 291 2954 Veluti
312 2891 443 2955 iuvenca
464 2892 567 2955 vitans
589 2912 669 2955 onus
690 2890 846 2954 indomita
865 2891 948 2976 iugi:

183 2974 324 3056 Rapidac
346 2974 457 3038 ducem
479 2996 512 3039 se
535 2977 653 3038 uuntur
675 2972 785 3038 Gallae
806 2975 1056 3059 properipedem.

135 3057 293 3141 caltaque
314 3062 350 3123 ut
371 3058 499 3122 domum
548 3057 665 3140 ybebes
687 3059 820 3142 tetigere
842 3059 991 3140 lassulae,

183 3142 292 3207 Nimio
315 3163 332 3206 e
354 3142 461 3205 labore
483 3163 629 3206 somnum
652 3142 782 3225 capiunt
803 3140 1016 3220 sineOererc.

182 3226 279 3310 Piger
299 3224 350 3290 his
371 3226 499 3291 labante
521 3227 652 3310 langore
675 3227 784 3291 oculos
806 3248 902 3311 sopor
924 3225 1040 3308 operit:

182 3311 262 3374 Abit
283 3310 318 3373 in
339 3309 444 3393 quiete
465 3310 555 3373 molli
577 3310 705 3375 rabidus
727 3312 816 3377 furor
837 3309 945 3375 animi.

184 3393 246 3459 Sed
267 3393 322 3458 ubi
343 3393 408 3457 oris
430 3395 516 3458 aurei
538 3393 594 3459 Sol
615 3395 810 3459 radiantibus
831 3392 931 3457 oculis

136 3490 168 3540 co
181 3478 343 3543 Lustrevit
362 3477 490 3542 aethera
510 3479 630 3562 album,
652 3480 720 3543 sola
741 3477 833 3560 dura,
853 3499 939 3542 mare
959 3478 1078 3563 ferum,
