2362 3998
110 203 153 269 64
516 207 671 267 oarmu
840 246 843 250 .
914 208 1071 279 [nixam

172 369 275 454 Mule,
298 370 379 434 nihil
401 371 509 435 sentis.
541 371 568 435 si
589 371 691 435 nostri
713 370 812 433 oblita
832 372 965 451 taceret,

217 453 301 518 Sana
323 457 420 518 esset:
442 475 528 518 nuno
551 454 635 537 quod
656 454 772 538 gannit
793 455 825 517 et
847 453 1043 535 obloquitur,

142 549 159 599 ι
172 536 249 603 Non
263 538 366 602 solum
381 538 541 621 meminit,
563 537 618 602 sed
633 558 712 620 quae
727 538 827 600 multo
843 537 945 600 acrior
958 539 1007 600 est
1020 559 1071 601 res

216 621 343 686 Iratast.
373 620 446 686 Hoe
468 625 533 704 est,
555 622 658 684 uritur
680 624 711 684 et
734 620 888 704 coquitur.

514 751 664 760 -ι--

435 782 438 787 ’
481 833 695 907 uxxxnn.

175 955 371 1023 Chommoda
394 954 533 1038 dicebat,
556 956 583 1020 si
605 957 731 1038 quando
753 955 920 1020 commoda
940 955 1037 1019 vellet

217 1039 344 1121 Dicere,
367 1042 400 1102 at
420 1039 552 1102 insidias
575 1039 687 1104 Arrius
709 1039 878 1118 hinsidias‚

174 1121 219 1187 Et
239 1127 308 1186 turn
328 1122 460 1186 mirifice
482 1122 631 1206 sperabat
651 1145 685 1187 se
708 1144 775 1187 esse
797 1123 952 1204 locutum,
981 1146 988 1158 ·

218 1204 299 1270 (ium
320 1207 474 1288 quantum
494 1208 621 1289 poterat
641 1205 762 1270 dixerat
783 1205 946 1270 hinsidias.

144 1288 294 1373 acredo,
317 1290 362 1353 sic
385 1292 499 1372 mater,
522 1289 567 1353 sio
588 1288 683 1353 Liber
705 1289 876 1354 avonculus
899 1290 980 1373 eiua,

218 1372 270 1438 Sia
291 1375 452 1437 maternus
475 1393 550 1437 avos
572 1372 694 1437 dixerat
715 1377 809 1457 atque
830 1373 908 1436 avia.

175 1454 248 1520 Hoe
268 1457 366 1521 misso
388 1457 423 1519 in
445 1455 569 1539 Syriam
590 1458 770 1539 requierant
797 1457 944 1521 omnibus
966 1478 1070 1522 aures:

217 1540 383 1604 Audibant
403 1540 512 1604 eadem
533 1540 613 1604 haee
634 1541 748 1605 leniter
770 1544 802 1605 et
823 1541 948 1624 leviter,
987 1616 990 1621 ,

176 1622 244 1688 Neo
266 1623 327 1687 sibi
348 1624 477 1707 postilla
498 1624 682 1689 metuebant
703 1625 780 1689 talia
800 1624 908 1705 verba,

130 1719 162 1769 ιο
219 1705 300 1771 (ium
322 1708 427 1771 subito
450 1707 590 1772 adfertur
610 1709 741 1772 nuntius
762 1707 939 1790 horribilis,

176 1789 285 1853 Ionios
306 1791 435 1873 fluctus,
459 1794 627 1874 postquam
648 1792 724 1856 illua
747 1793 858 1855 Arrius
880 1792 972 1873 isset,

218 1871 285 1936 Iam
307 1895 374 1937 non
394 1873 501 1937 Ionios
524 1896 605 1957 esse,
629 1873 684 1937 sed
706 1874 852 1938 Hionios.

502 2085 677 2158 LXXXV.

176 2206 238 2272 Odi
259 2210 292 2272 et
312 2229 394 2273 amo.
423 2229 519 2291 quare
540 2207 573 2272 id
594 2208 722 2292 faciam,
745 2209 879 2273 fortasse
900 2210 1044 2294 requiris

217 2290 348 2374 Nescio,
371 2292 427 2356 sed
447 2291 516 2356 fieri
537 2293 640 2355 sentio
663 2296 695 2356 et
717 2293 887 2356 excrucior.

492 2503 688 2578 LXXXVI.

176 2625 307 2702 Quintia
327 2625 498 2689 formosast
519 2627 643 2709 multis,
666 2627 746 2690 mihi
768 2628 915 2711 candida,
938 2628 1050 2712 longa,

219 2709 357 2774 Reotast.
387 2709 466 2773 haee
487 2731 547 2794 ego
570 2711 616 2774 sio
638 2711 764 2794 singula
786 2711 954 2794 eonfiteor,

177 2793 294 2857 Totum
315 2793 394 2857 illud
414 2794 554 2857 formosa
574 2815 675 2878 nego:
701 2795 885 2867 namnulla
905 2797 1070 2878 venustas,

219 2877 317 2943 Nulla
338 2878 371 2941 in
392 2881 459 2941 tam
480 2881 631 2962 magnost
652 2898 783 2961 corpore
805 2877 887 2942 mica
909 2878 992 2943 salis.

146 2959 291 3024 oLesbia
313 2960 498 3043 formosast,
527 2981 607 3043 quae
629 2982 701 3025 eum
722 2960 935 3043 pulcherrima
955 2964 1069 3044 totast,

219 3042 300 3106 Tum
322 3044 468 3107 omnibus
490 3065 554 3107 una
575 3064 684 3108 omnes
707 3045 859 3127 surripuit
879 3044 1028 3110 Veneres.

481 3255 694 3331 LXXXVH.
800 3318 802 3322 .

176 3377 273 3444 Nulla
293 3380 400 3463 potest
421 3377 534 3442 mulier
555 3381 680 3444 tantum
702 3400 735 3444 se
757 3379 861 3444 dicere
883 3382 1019 3444 amatam

217 3461 311 3544 Vere,
337 3465 493 3548 quantum
515 3483 535 3526 a
556 3484 606 3527 me
628 3463 742 3528 Lesbia
764 3467 868 3546 amata
888 3463 994 3528 mea's.
