2356 3826
101 189 274 261 uranus]
513 187 629 244 uranu
678 191 682 198 ’

484 350 665 425 XXXVII.

184 476 278 540 Salax
300 473 432 537 taberna
452 493 572 556 vosque
593 471 863 554 contubernales,

183 560 213 621 A
235 558 362 642 pileatis
383 577 470 620 nona
490 556 641 620 fratribus
662 557 742 639 pila,
807 575 811 581 ’

184 642 267 707 Solis
311 641 409 704 utatis
432 661 500 704 esse
514 639 680 703 mentulas
701 640 807 726 vobis,

184 710 267 790 S'olis
290 664 400 806 licere,
422 723 574 807 quidquid
597 725 646 786 est
666 723 856 806 puellarum,
964 777 968 782 .

185 807 379 874 Confutuere
402 811 434 870 et
454 808 565 890 putare
588 810 708 870 ceteros
729 805 857 871 hircos?
1043 821 1058 868 t

127 912 134 922 ·
184 894 253 973 An,
276 891 475 955 continenter
496 889 581 971 quod
602 889 718 955 sedetis
740 890 853 955 insulsi

185 973 322 1050 Centum
344 996 385 1037 an
407 973 550 1055 ducenti,
572 993 639 1036 non
660 974 779 1056 putatis
801 995 948 1037 ausurum

183 1058 237 1122 Me
258 1080 323 1121 una
344 1057 495 1121 ducentos
516 1056 676 1120 inrumare
699 1058 860 1122 sessores?

183 1142 282 1225 Atqui
304 1143 426 1224 putate:
448 1161 586 1224 namque
606 1140 705 1205 totius
727 1140 818 1205 vobis

184 1226 336 1290 Frontem
358 1225 509 1288 tabernae
531 1224 751 1306 scorpionibus
773 1225 918 1290 scribam.
1028 1239 1059 1285 ro

184 1310 296 1373 Puella
316 1329 392 1371 nam
414 1308 483 1395 mi,
495 1328 576 1389 quae
596 1328 668 1371 meo
690 1308 762 1371 sinu
782 1308 880 1392 fugit,
900 1334 903 1340 ·
929 1360 935 1368 .

184 1394 302 1456 Amata
321 1393 623 1475 tantumquantum
645 1390 804 1457 amabitur
821 1393 926 1473 nulla,

184 1477 246 1540 Pro
269 1496 330 1558 qua
350 1474 430 1538 mihi
452 1477 528 1548 sunt
547 1496 666 1558 magna
687 1474 771 1538 bella
792 1478 948 1559 pugnata,

187 1558 340 1624 Consedit
360 1559 441 1621 istic.
470 1557 554 1621 hanc
574 1557 652 1621 boni
673 1557 821 1640 beatique

185 1643 304 1707 Omnes
326 1641 447 1723 amatis,
468 1644 500 1704 et
521 1639 662 1724 quidem,
685 1640 769 1723 quod
790 1641 999 1726 indignumst,
1029 1653 1082 1703 lc.

186 1726 304 1790 Omnes
325 1724 435 1808 pusilli
457 1727 489 1787 et
510 1724 662 1788 semitarii
683 1723 824 1809 moechi;

180 1809 232 1874 Tu
254 1810 379 1906 praeter
400 1829 510 1893 omnes
531 1829 594 1871 une
616 1808 654 1895 de
677 1808 846 1892 capillatis,

186 1893 395 1967 cuniculosae
418 1889 608 1961 Celtiberiae
628 1891 676 1955 fili

185 1976 319 2060 Egnati,
342 1996 361 2038 o
385 1996 444 2038 aca
464 1997 558 2057 quem
579 1976 700 2039 bonum
720 1975 799 2040 facit
819 1976 919 2040 barba

185 2059 229 2122 Et
250 2059 326 2121 dens
383 2059 469 2121 ‘bera
490 2058 660 2122 defricatus
681 2060 781 2124 urina
1026 2072 1060 2122 20

507 2196 657 2205 ——--

480 2294 676 2368 XXXVHI.

187 2418 318 2500 Malest,
341 2415 506 2499 Cornifici,
529 2420 583 2481 tuo
606 2415 748 2501 Catullo,
1005 2480 1009 2487 ,

186 2502 314 2585 Malest,
337 2522 388 2566 me
408 2501 551 2584 hercule,
574 2503 606 2565 et
627 2503 677 2565 est
697 2502 868 2585 laboriose,
974 2573 977 2579 ,

187 2585 231 2648 Et
252 2585 354 2669 magis
376 2585 478 2668 magis
499 2585 534 2648 in
556 2584 623 2648 dies
645 2587 678 2649 et
697 2585 803 2650 horas.

187 2667 288 2743 Quem
309 2672 360 2752 tu,
384 2668 468 2751 quod
489 2668 656 2736 minimum
677 2668 970 2752 facillimumquest,

187 2751 257 2826 Qua
279 2752 397 2816 solatus
420 2773 454 2816 es
476 2750 699 2816 adlocutione?
1043 2765 1059 2813 t

187 2835 311 2915 Irascor
330 2835 398 2911 tibi.
429 2835 474 2898 sic
496 2855 583 2898 meos
609 2835 752 2899 amores?

189 2918 323 2983 Paulum
344 2919 419 3002 quid
440 2918 529 2982 lubet
552 2917 776 3002 adlocutionis,

187 3002 341 3067 Maestius
363 3002 501 3069 lacrimis
524 3000 725 3066 Simonideis.

472 3196 688 3304 unxina.

187 3354 359 3439 Egnatius,
384 3350 468 3436 quod
490 3350 640 3415 candidos
661 3351 759 3418 habet
780 3354 904 3438 dentes,
1001 3379 1004 3386 ·

187 3437 324 3504 Renidet
344 3457 443 3520 usque
465 3455 597 3519 quaque.
631 3436 677 3500 sei
698 3438 738 3501 ad
760 3440 816 3504 rei·
827 3440 988 3505 ventumst

889 3538 929 3584 κὶ.
