2362 3998
109 188 152 252 56
514 190 668 249 carrum
950 191 1073 265 [mvn

216 353 297 419 Cum
319 353 431 437 quibus
453 354 510 417 illa
531 355 649 418 malum
671 355 748 419 fecit
768 353 979 419 adulterium?

173 436 299 502 Dixerit
319 437 372 501 hic
387 438 516 520 aliquis:
539 438 594 521 qui
614 441 650 501 tu
670 439 807 521 isthaec,
829 439 938 521 ianua,
959 437 1070 501 nosti‘)

216 520 277 586 Cui
296 542 468 604 numquam
491 522 612 585 domini
633 523 742 586 limine
764 522 873 585 abesse
894 521 984 602 licet,

173 604 242 670 Nec
263 606 415 688 populum
438 606 629 688 auscultare,
652 605 707 669 sed
727 605 799 669 heic
820 605 934 669 suffixa
954 604 1061 750 tidfflo

125 702 159 750 40
215 688 352 751 Tantum
374 688 496 772 operire
518 690 601 753 soles
623 691 678 752 aut
699 690 820 772 aperire
842 688 972 753 domum

174 771 251 837 ‘See
275 794 292 836 e
313 772 402 836 illam
423 773 528 836 audivi
550 772 666 836 fintiva
687 793 764 836 voce
785 773 968 868 loquentem

216 794 324 921 Solam
346 878 417 919 cum
439 857 563 920 ancillis
584 856 663 921 haec
685 878 741 920 sua
760 856 895 940 flagitia,

173 939 312 1005 Nomine
334 939 491 1004 dicentem
506 960 584 1022 quos
599 939 749 1023 diximus,
771 942 902 1022 utpote
924 960 1003 1022 quae
1025 939 1070 1003 mi

217 1023 364 1106 Speraret
384 1045 444 1087 nec
465 1024 609 1106 linguam
631 1045 699 1088 esse
720 1044 779 1087 nec
801 1022 982 1087 auriculam.

125 1117 158 1167 45
173 1106 340 1170 Praeterea
361 1105 496 1170 addebat
517 1106 689 1191 quendam,
711 1128 806 1192 quem
827 1106 930 1170 dicere
950 1106 1027 1170 nolo

215 1188 369 1271 Nomine,
391 1210 432 1253 ne
453 1189 547 1252 tollat
567 1189 663 1253 rubra
683 1190 861 1273 supercilia.

175 1272 305 1356 Longus
326 1272 467 1354 homost,
489 1294 622 1357 magnas
644 1274 720 1356 quoi
741 1274 812 1337 lites
834 1273 944 1337 intulit
965 1272 1043 1336 olim

216 1355 346 1420 Falsum
367 1356 512 1420 mendaci
533 1360 643 1421 ventre
664 1356 887 1441 puerperium!

506 1571 666 1645 LXVllI.

176 1692 268 1768 Quod
289 1691 368 1756 mihi
389 1691 517 1757 fortuna
539 1714 674 1776 casuque
696 1715 864 1777 oppressus
887 1692 999 1757 acerbo

220 1775 444 1859 Conscriptum
465 1776 527 1840 hoc
548 1778 686 1841 lacrimis
708 1778 809 1841 mittis
832 1777 1028 1860 epistolium,

175 1859 377 1943 Naufragum
387 1863 424 1922 ut
438 1860 572 1924 eiectum
587 1861 806 1943 spumantibus
821 1861 966 1943 aequoris
977 1859 1071 1924 undis

219 1943 386 2006 Sublevem
408 1945 440 2006 et
461 1965 480 2005 a
499 1943 612 2006 mortis
634 1944 743 2006 limine
765 1944 944 2026 restituam,

144 2025 277 2101 oQuem
287 2046 390 2107 neque
406 2030 515 2090 sancta
525 2025 634 2090 Venus
652 2027 742 2090 molli
752 2028 947 2110 requiescere
958 2046 1071 2092 somno

217 2109 387 2174 Desertum
408 2109 546 2174 inlecto
569 2111 687 2175 caelibe
708 2111 896 2194 perpetitur,

175 2193 245 2259 Neo
266 2197 408 2258 veterum
430 2194 514 2258 dulci
536 2195 727 2278 scriptorum
749 2196 888 2258 carmine
909 2195 1020 2258 Musae

220 2277 404 2361 Oblectant,
428 2300 499 2342 cum
520 2300 611 2342 mens
634 2279 727 2342 anxia
747 2279 836 2362 pervi
862 2279 931 2361 'at,

176 2361 215 2425 Id
268 2364 387 2426 atumst
400 2361 479 2426 mihi
518 2384 569 2426 me
590 2362 739 2444 quoniam
753 2362 814 2426 tibi
853 2361 906 2425 'cis
922 2362 1071 2445 amicum,

129 2459 162 2508 ¹⁰
178 2384 1071 2595 ,fricalauriculae

219 2612 292 2678 Neu
312 2633 363 2675 me
385 2612 489 2676 odisse
509 2550 759 2697 putesglrospitis
782 2578 936 2696 officium’,
1047 2577 1056 2612 l

178 2696 311 2780 Accipe,
335 2696 404 2778 quis
426 2718 543 2760 merser
564 2697 710 2761 fortunae
730 2697 877 2761 fluctibus
899 2697 982 2780 ipse,

220 2779 270 2845 Ne
292 2780 425 2864 amplius
447 2802 466 2844 a
486 2781 601 2845 misero
624 2781 708 2845 dona
729 2781 822 2844 beata
846 2783 945 2863 petas.

131 2878 162 2927 15
177 2864 333 2947 Tempore
355 2885 416 2946 quo
438 2863 575 2947 primum
596 2865 694 2929 vestis
716 2864 795 2928 mihi
816 2864 932 2928 tradita
952 2866 1073 2948 purast,

220 2947 396 3011 Iocundum
418 2969 490 3010 cum
511 2952 596 3012 aetas
618 2949 731 3012 florida
751 2969 807 3011 ver
827 2951 951 3031 ageret,

178 3032 280 3095 Multa
301 3030 378 3095 satis
399 3030 476 3095 lusi:
498 3051 565 3094 non
586 3035 635 3094 est
656 3031 716 3094 dea
736 3031 845 3095 nescia
865 3032 982 3114 nostri,

221 3114 307 3190 Quae
330 3114 453 3177 dulcem
476 3115 558 3177 curis
578 3114 691 3178 miscet
713 3115 906 3180 amaritiem:

179 3199 241 3264 Sed
262 3200 365 3261 totum
386 3197 447 3261 hoc
470 3196 608 3261 studium
629 3198 716 3262 luctu
732 3199 872 3264 fraterna
885 3200 965 3263 mihi
986 3220 1072 3264 mors

129 3297 163 3346 20
218 3282 370 3345 Abstulit.
401 3281 557 3345 omisero
578 3281 675 3345 frater
696 3283 842 3368 adempte
862 3283 955 3366 mihi,

56 3401 58 3406 ·
179 3366 227 3431 Tu
248 3369 375 3429 meatu
395 3365 534 3428 moriens
556 3365 680 3451 fregisti
702 3367 879 3450 commoda,
901 3367 1015 3451 frater,

221 3449 339 3515 Tecum
360 3471 424 3514 una
444 3451 545 3514 totast
564 3453 674 3514 nostra
695 3452 819 3546 sepulta
839 3451 950 3514 domus
955 3499 966 3534 ,
