2362 3998
146 193 186 262 ιο
510 143 515 156 ’
555 201 707 259 orrvucr
1022 207 1109 280 [xvi

72 398 76 404 ·
208 360 300 437 Quod
321 366 399 428 sunt
419 365 588 446 molliculi,
610 387 722 448 parum
743 366 901 448 pudicum.

159 459 175 507 ⁶
208 445 294 510 Nam
318 451 440 512 castum
462 470 530 512 esse
552 449 643 513 decet
662 451 751 533 pium
772 453 900 533 poetam

207 529 224 593 I
248 550 334 615 sum,
355 533 528 596 versiculos
549 532 631 596 nihil
651 537 826 617 necessest,

185 680 188 685 ⁴
238 616 272 679 ui
292 618 361 680 tum
383 614 518 699 denique
538 614 658 679 habent
680 618 780 681 salem
801 639 838 682 ac
860 619 1016 702 leporem,

209 699 244 763 Si
266 702 341 763 sunt
360 699 516 763 molliculi
536 720 574 763 ac
594 721 707 782 parum
728 701 835 784 pudici

208 781 253 846 Et
273 783 358 866 quod
379 783 502 867 pruriat
521 783 654 847 incitare
675 787 825 868 possunt,

146 878 179 930 to
206 865 283 931 Non
304 866 374 930 dico
395 868 518 950 pueris,
541 867 596 931 sed
617 867 668 931 his
689 868 814 951 pilosis,

208 949 271 1024 Qui
292 950 387 1014 duros
407 954 570 1035 nequeunt
590 970 716 1016 morere
738 952 875 1021 lumbos.

207 1032 291 1115 Vos,
314 1055 410 1117 quom
430 1035 520 1098 milia
540 1036 641 1099 multa
662 1035 824 1099 basiorum

206 1116 251 1180 Le
278 1117 285 1130 ’
303 1117 360 1200 tis,
381 1118 464 1182 male
484 1139 536 1182 me
556 1139 676 1182 marem
697 1118 839 1201 putatis?

206 1200 251 1265 Pe
277 1201 365 1265 'cabo
388 1221 448 1286 ego
469 1222 526 1266 vos
549 1204 582 1265 et
602 1202 779 1265 inrumabo.
905 1246 911 1257 ·

563 1414 676 1488 XVH.

206 1536 234 1602 Ο
257 1535 406 1620 Colonia,
429 1558 508 1621 quae
532 1538 620 1621 cupis
642 1540 740 1621 ponte
762 1538 870 1602 ludere
892 1540 1004 1624 longo,

66 1682 71 1690 .
204 1620 249 1686 Et
270 1622 363 1686 salire
384 1624 531 1705 paratum
552 1621 664 1703 habes,
687 1623 743 1686 sed
763 1623 881 1686 vereris
903 1624 1012 1707 inepta

206 1703 307 1770 Onna
327 1706 483 1788 ponticuli
505 1707 618 1770 assulis
640 1707 754 1770 stantis
776 1707 811 1769 in
831 1706 994 1788 redivivis,

204 1787 256 1853 Ne
278 1790 410 1871 supinus
433 1791 486 1853 eat
507 1810 643 1871 cavaque
664 1790 700 1852 in
720 1789 834 1872 palude
856 1789 1032 1873 recumbat3

155 1883 171 1932 ὁ
205 1870 258 1935 Sic
279 1872 339 1935 tibi
360 1872 462 1935 bonus
485 1893 523 1935 er
544 1875 600 1934 tua
619 1892 700 1955 pons
722 1872 854 1936 libidine
875 1872 945 1954 fiat,

203 1955 244 2018 In
264 1975 327 2037 quo
349 1956 400 2019 vel
422 1954 599 2019 Salisubsili
621 1976 714 2019 sacra
732 1955 960 2039 suscipiantur:

204 2037 321 2102 Munus
343 2037 405 2102 hoo
426 2038 504 2102 mihi
527 2038 658 2103 maximi
680 2039 734 2122 da,
758 2037 908 2123 Colonia,
930 2041 1022 2105 risus.
1089 2084 1092 2091 -

204 2121 370 2198 Quendam
390 2123 582 2206 municipem
603 2144 709 2188 meum
731 2124 770 2188 de
791 2125 847 2188 tuo
870 2125 942 2188 volo
967 2129 1065 2208 ponte

202 2205 254 2270 Ire
274 2207 479 2290 praecipitem
501 2208 536 2271 in
557 2208 661 2272 lutum
679 2230 737 2291 per
757 2211 912 2292 caputque
933 2208 1098 2294 pedesque,

141 2301 173 2351 ιο
200 2290 320 2354 Verum
340 2292 439 2356 totius
460 2294 497 2354 ut
516 2292 603 2356 lacus
624 2292 814 2375 putidaeque
858 2292 959 2355 aludis

201 2373 404 2438 Lividissima
424 2375 624 2457 maximeque
646 2378 695 2438 est
714 2315 872 2458 profunda
892 2395 1022 2458 vorago.

201 2455 434 2521 insulsissimus
457 2461 506 2521 est
525 2456 637 2538 homo,
658 2478 718 2521 neo
739 2457 824 2541 sapit
844 2458 935 2540 pueri
955 2457 1058 2522 instar

200 2540 319 2604 Bimuli
340 2541 475 2604 tremula
495 2541 595 2623 patris
617 2541 803 2605 dormientis
824 2541 859 2605 in
880 2542 965 2605 ulna.

201 2623 283 2700 Quoi
304 2645 377 2688 cum
398 2625 440 2688 sit
461 2624 651 2688 viridissimo
673 2628 774 2708 nupta
794 2625 871 2688 flore
893 2625 1000 2709 puella

139 2719 170 2768 15
200 2707 259 2792 (Et
279 2708 386 2791 puella
405 2708 557 2772 tenellulo
580 2708 744 2772 delicatior
764 2708 882 2791 haedo,

172 2792 178 2802 ’
199 2792 407 2857 Adservauda
427 2792 608 2889 nigerrimis
630 2792 815 2878 diligentius
836 2792 937 2879 uvis),
1049 2870 1052 2876 Ι

199 2876 322 2942 Ludere
343 2876 426 2941 hanc
448 2877 525 2941 smit
545 2880 582 2940 ut
602 2878 705 2960 lubet,
727 2898 788 2941 nec
808 2877 867 2961 pili
887 2877 966 2942 facit
987 2878 1057 2960 uni,

197 2960 231 3026 N
232 2982 268 3026 ec
289 2982 322 3024 se
344 2961 488 3025 sublevat
510 2982 548 3024 ex
570 2982 627 3024 sua
647 2964 753 3045 parte,
776 2961 832 3025 sed
852 2962 941 3026 velut
961 2961 1053 3026 alnus

194 3044 345 3108 infossa
365 3043 477 3128 Liguri
497 3045 581 3108 iacet
602 3047 795 3131 suppernata
817 3047 934 3128 securi,
1126 3055 1128 3059 ’

135 3140 168 3188 20
197 3126 399 3191 Tantundem
420 3128 528 3191 omnia
543 3129 683 3194 sentiens
705 3151 801 3214 quam
822 3131 850 3195 si
870 3130 959 3194 nulla
979 3128 1023 3192 sit
1043 3149 1093 3191 us-

762 3237 836 3278 uam

197 3295 283 3360 Talis
305 3294 365 3358 iste
386 3315 475 3358 meus
497 3297 608 3378 stupor
628 3298 677 3361 nil
698 3236 798 3382 vidqet,
820 3263 902 3362 nihil
923 3296 1026 3378 audit,

160 3455 168 3466 ι
195 3379 269 3466 lpse
297 3378 352 3463 qui
379 3377 434 3461 sit,
461 3380 567 3444 utrum
594 3380 636 3445 sit
662 3403 703 3446 an
729 3402 796 3446 non
822 3383 880 3464 sit,
907 3380 941 3444 id
969 3401 1124 3465 quoque.

109 3475 113 3482 '
139 3488 166 3521 ν
195 3486 203 3522 z
737 3465 847 3533 nescit
