<?xml version="1.0" encoding="UTF-8"?>
<!DOCTYPE html PUBLIC "-//W3C//DTD XHTML 1.0 Transitional//EN"
    "http://www.w3.org/TR/xhtml1/DTD/xhtml1-transitional.dtd">
<html xmlns="http://www.w3.org/1999/xhtml" xml:lang="en" lang="en">
 <head>
  <title>
</title>
<meta http-equiv="Content-Type" content="text/html;charset=utf-8" />
  <meta name='ocr-system' content='tesseract 3.04.00' />
  <meta name='ocr-capabilities' content='ocr_page ocr_carea ocr_par ocr_line ocrx_word'/>
</head>
<body>
  <div class='ocr_page' id='page_1' title='image "./carmina00catugoog_0079.png"; bbox 0 0 2362 3998; ppageno 0'>
   <div class='ocr_carea' id='block_1_1' title="bbox 108 194 1069 285">
    <p class='ocr_par' dir='ltr' id='par_1_1' title="bbox 108 194 1069 285">
     <span class='ocr_line' id='line_1_1' title="bbox 108 194 1069 285; baseline 0.005 -27"><span class='ocrx_word' id='word_1_1' title='bbox 108 194 148 259; x_wconf 77' lang='lat'><strong>72</strong></span> <span class='ocrx_word' id='word_1_2' title='bbox 508 201 661 258; x_wconf 71' lang='lat' dir='ltr'><strong>curma</strong></span> <span class='ocrx_word' id='word_1_3' title='bbox 983 201 1069 285; x_wconf 82' lang='lat' dir='ltr'><strong>[om.</strong></span> 
     </span>
    </p>
   </div>
   <div class='ocr_carea' id='block_1_2' title="bbox 170 361 1036 533">
    <p class='ocr_par' dir='ltr' id='par_1_2' title="bbox 170 361 1036 533">
     <span class='ocr_line' id='line_1_2' title="bbox 170 361 1036 450; baseline 0.003 -22"><span class='ocrx_word' id='word_1_4' title='bbox 170 361 233 428; x_wconf 87' lang='lat' dir='ltr'><strong>Sed</strong></span> <span class='ocrx_word' id='word_1_5' title='bbox 256 363 354 427; x_wconf 90' lang='lat' dir='ltr'><strong>cuivis</strong></span> <span class='ocrx_word' id='word_1_6' title='bbox 377 364 519 447; x_wconf 87' lang='lat' dir='ltr'><strong>quamvis</strong></span> <span class='ocrx_word' id='word_1_7' title='bbox 541 365 647 449; x_wconf 84' lang='lat' dir='ltr'><strong>potius</strong></span> <span class='ocrx_word' id='word_1_8' title='bbox 670 366 871 431; x_wconf 84' lang='lat' dir='ltr'><strong>succumbere</strong></span> <span class='ocrx_word' id='word_1_9' title='bbox 892 388 950 450; x_wconf 87' lang='lat' dir='ltr'><strong>par</strong></span> <span class='ocrx_word' id='word_1_10' title='bbox 972 372 1036 449; x_wconf 81' lang='lat' dir='ltr'><strong>est,</strong></span> 
     </span>
     <span class='ocr_line' id='line_1_3' title="bbox 212 446 949 533; baseline 0.005 -23"><span class='ocrx_word' id='word_1_11' title='bbox 212 446 314 521; x_wconf 83' lang='lat' dir='ltr'><strong>Quam</strong></span> <span class='ocrx_word' id='word_1_12' title='bbox 335 451 470 512; x_wconf 89' lang='lat' dir='ltr'><strong>matrem</strong></span> <span class='ocrx_word' id='word_1_13' title='bbox 491 449 605 513; x_wconf 83' lang='lat' dir='ltr'><strong>fratres</strong></span> <span class='ocrx_word' id='word_1_14' title='bbox 627 450 746 532; x_wconf 72' lang='lat' dir='ltr'><strong>efficere</strong></span> <span class='ocrx_word' id='word_1_15' title='bbox 767 473 806 515; x_wconf 86' lang='lat' dir='ltr'><strong>ex</strong></span> <span class='ocrx_word' id='word_1_16' title='bbox 827 452 949 533; x_wconf 81' lang='lat' dir='ltr'><strong>patruo.</strong></span> 
     </span>
    </p>
   </div>
   <div class='ocr_carea' id='block_1_3' title="bbox 532 661 638 735">
    <p class='ocr_par' dir='ltr' id='par_1_3' title="bbox 532 661 638 735">
     <span class='ocr_line' id='line_1_4' title="bbox 532 661 638 735; baseline 0.009 -2"><span class='ocrx_word' id='word_1_17' title='bbox 532 661 638 735; x_wconf 81' lang='lat' dir='ltr'>CXII.</span> 
     </span>
    </p>
   </div>
   <div class='ocr_carea' id='block_1_4' title="bbox 169 781 1068 882">
    <p class='ocr_par' dir='ltr' id='par_1_4' title="bbox 169 781 1068 882">
     <span class='ocr_line' id='line_1_5' title="bbox 169 781 1068 882; baseline 0.006 -36"><span class='ocrx_word' id='word_1_18' title='bbox 169 781 290 847; x_wconf 89' lang='lat' dir='ltr'><strong>Multus</strong></span> <span class='ocrx_word' id='word_1_19' title='bbox 310 783 407 848; x_wconf 94' lang='lat' dir='ltr'><strong>homo</strong></span> <span class='ocrx_word' id='word_1_20' title='bbox 431 806 464 849; x_wconf 91' lang='lat' dir='ltr'><strong>es</strong></span> <span class='ocrx_word' id='word_1_21' title='bbox 484 783 587 867; x_wconf 87' lang='lat' dir='ltr'><strong>Naso,</strong></span> <span class='ocrx_word' id='word_1_22' title='bbox 615 804 718 867; x_wconf 90' lang='lat' dir='ltr'><strong>neque</strong></span> <span class='ocrx_word' id='word_1_23' title='bbox 742 787 847 849; x_wconf 85' lang='lat' dir='ltr'><strong>tecum</strong></span> <span class='ocrx_word' id='word_1_24' title='bbox 867 787 985 882; x_wconf 84' lang='lat' dir='ltr'><strong>multus</strong></span> <span class='ocrx_word' id='word_1_25' title='bbox 1011 787 1068 851; x_wconf 93' lang='lat' dir='ltr'><strong>ho·</strong></span> 
     </span>
    </p>
   </div>
   <div class='ocr_carea' id='block_1_5' title="bbox 211 872 953 1038">
    <p class='ocr_par' dir='ltr' id='par_1_5' title="bbox 211 872 953 1038">
     <span class='ocr_line' id='line_1_6' title="bbox 712 872 875 953; baseline 0 -20"><span class='ocrx_word' id='word_1_26' title='bbox 712 872 798 933; x_wconf 90' lang='lat' dir='ltr'><strong>most</strong></span> <span class='ocrx_word' id='word_1_27' title='bbox 820 891 875 953; x_wconf 94' lang='lat' dir='ltr'><strong>qu1</strong></span> 
     </span>
     <span class='ocr_line' id='line_1_7' title="bbox 211 950 953 1038; baseline 0.003 -22"><span class='ocrx_word' id='word_1_28' title='bbox 211 950 399 1017; x_wconf 75' lang='lat' dir='ltr'><strong>Descendit:</strong></span> <span class='ocrx_word' id='word_1_29' title='bbox 421 952 525 1035; x_wconf 82' lang='lat' dir='ltr'><strong>Naso,</strong></span> <span class='ocrx_word' id='word_1_30' title='bbox 547 953 666 1017; x_wconf 82' lang='lat' dir='ltr'><strong>multus</strong></span> <span class='ocrx_word' id='word_1_31' title='bbox 689 975 722 1018; x_wconf 93' lang='lat' dir='ltr'><strong>es</strong></span> <span class='ocrx_word' id='word_1_32' title='bbox 745 956 778 1018; x_wconf 90' lang='lat' dir='ltr'><strong>et</strong></span> <span class='ocrx_word' id='word_1_33' title='bbox 797 953 953 1038; x_wconf 78' lang='lat' dir='ltr'><strong>pathicus.</strong></span> 
     </span>
    </p>
   </div>
   <div class='ocr_carea' id='block_1_6' title="bbox 521 1164 646 1238">
    <p class='ocr_par' dir='ltr' id='par_1_6' title="bbox 521 1164 646 1238">
     <span class='ocr_line' id='line_1_8' title="bbox 521 1164 646 1238; baseline 0.024 -3"><span class='ocrx_word' id='word_1_34' title='bbox 521 1164 646 1238; x_wconf 84' lang='lat' dir='ltr'>OXHI.</span> 
     </span>
    </p>
   </div>
   <div class='ocr_carea' id='block_1_7' title="bbox 169 1285 1053 1623">
    <p class='ocr_par' dir='ltr' id='par_1_7' title="bbox 170 1285 1053 1435">
     <span class='ocr_line' id='line_1_9' title="bbox 170 1285 1053 1370; baseline -0.002 -18"><span class='ocrx_word' id='word_1_35' title='bbox 170 1285 310 1352; x_wconf 83' lang='lat' dir='ltr'><strong>Consule</strong></span> <span class='ocrx_word' id='word_1_36' title='bbox 331 1285 484 1368; x_wconf 90' lang='lat' dir='ltr'><strong>Pompeio</strong></span> <span class='ocrx_word' id='word_1_37' title='bbox 506 1286 645 1369; x_wconf 88' lang='lat' dir='ltr'><strong>primum</strong></span> <span class='ocrx_word' id='word_1_38' title='bbox 667 1286 744 1370; x_wconf 86' lang='lat' dir='ltr'><strong>duo,</strong></span> <span class='ocrx_word' id='word_1_39' title='bbox 768 1286 885 1370; x_wconf 78' lang='lat' dir='ltr'><strong>Cinna,</strong></span> <span class='ocrx_word' id='word_1_40' title='bbox 908 1287 1053 1351; x_wconf 87' lang='lat' dir='ltr'><strong>solebant</strong></span> 
     </span>
     <span class='ocr_line' id='line_1_10' title="bbox 211 1369 895 1435; baseline 0.003 -2"><span class='ocrx_word' id='word_1_41' title='bbox 211 1369 391 1434; x_wconf 87' lang='lat' dir='ltr'><strong>Mucillam:</strong></span> <span class='ocrx_word' id='word_1_42' title='bbox 413 1369 499 1434; x_wconf 85' lang='lat' dir='ltr'><strong>facto</strong></span> <span class='ocrx_word' id='word_1_43' title='bbox 522 1371 652 1434; x_wconf 70' lang='lat' dir='ltr'><strong>conside</strong></span> <span class='ocrx_word' id='word_1_44' title='bbox 673 1392 759 1435; x_wconf 89' lang='lat' dir='ltr'><strong>nunc</strong></span> <span class='ocrx_word' id='word_1_45' title='bbox 780 1371 895 1435; x_wconf 87' lang='lat' dir='ltr'><strong>iterum</strong></span> 
     </span>
    </p>

    <p class='ocr_par' dir='ltr' id='par_1_8' title="bbox 169 1453 1009 1623">
     <span class='ocr_line' id='line_1_11' title="bbox 169 1453 1009 1538; baseline 0.004 -20"><span class='ocrx_word' id='word_1_46' title='bbox 169 1453 358 1518; x_wconf 86' lang='lat' dir='ltr'><strong>Manserunt</strong></span> <span class='ocrx_word' id='word_1_47' title='bbox 379 1453 457 1538; x_wconf 87' lang='lat' dir='ltr'><strong>duo,</strong></span> <span class='ocrx_word' id='word_1_48' title='bbox 480 1454 536 1519; x_wconf 91' lang='lat' dir='ltr'><strong>sed</strong></span> <span class='ocrx_word' id='word_1_49' title='bbox 559 1458 725 1520; x_wconf 83' lang='lat' dir='ltr'><strong>creverunt</strong></span> <span class='ocrx_word' id='word_1_50' title='bbox 745 1456 834 1520; x_wconf 87' lang='lat' dir='ltr'><strong>milia</strong></span> <span class='ocrx_word' id='word_1_51' title='bbox 855 1456 889 1520; x_wconf 92' lang='lat' dir='ltr'><strong>in</strong></span> <span class='ocrx_word' id='word_1_52' title='bbox 910 1478 1009 1521; x_wconf 92' lang='lat' dir='ltr'><strong>unum</strong></span> 
     </span>
     <span class='ocr_line' id='line_1_12' title="bbox 212 1537 872 1623; baseline 0.005 -20"><span class='ocrx_word' id='word_1_53' title='bbox 212 1537 355 1623; x_wconf 83' lang='lat' dir='ltr'><strong>Singula.</strong></span> <span class='ocrx_word' id='word_1_54' title='bbox 385 1538 556 1604; x_wconf 89' lang='lat' dir='ltr'><strong>fecundum</strong></span> <span class='ocrx_word' id='word_1_55' title='bbox 578 1561 687 1604; x_wconf 90' lang='lat' dir='ltr'><strong>semen</strong></span> <span class='ocrx_word' id='word_1_56' title='bbox 709 1540 872 1606; x_wconf 87' lang='lat' dir='ltr'><strong>adulterio.</strong></span> 
     </span>
    </p>
   </div>
   <div class='ocr_carea' id='block_1_8' title="bbox 515 1669 665 1678">
    <p class='ocr_par' dir='ltr' id='par_1_9' title="bbox 515 1669 665 1678">
     <span class='ocr_line' id='line_1_13' title="bbox 515 1669 665 1678; baseline 0.013 -2"><span class='ocrx_word' id='word_1_57' title='bbox 515 1669 665 1678; x_wconf 73' lang='lat'>-—...</span> 
     </span>
    </p>
   </div>
   <div class='ocr_carea' id='block_1_9' title="bbox 517 1753 657 1828">
    <p class='ocr_par' dir='ltr' id='par_1_10' title="bbox 517 1753 657 1828">
     <span class='ocr_line' id='line_1_14' title="bbox 517 1753 657 1828; baseline 0.014 -2"><span class='ocrx_word' id='word_1_58' title='bbox 517 1753 657 1828; x_wconf 82' lang='lat' dir='ltr'>CXIIII.</span> 
     </span>
    </p>
   </div>
   <div class='ocr_carea' id='block_1_10' title="bbox 140 1872 1066 2461">
    <p class='ocr_par' dir='ltr' id='par_1_11' title="bbox 140 1872 1066 2461">
     <span class='ocr_line' id='line_1_15' title="bbox 169 1872 891 1940; baseline -0.001 -1"><span class='ocrx_word' id='word_1_59' title='bbox 169 1872 320 1940; x_wconf 83' lang='lat' dir='ltr'>Firmano</span> <span class='ocrx_word' id='word_1_60' title='bbox 343 1875 427 1938; x_wconf 86' lang='lat' dir='ltr'><strong>saltu</strong></span> <span class='ocrx_word' id='word_1_61' title='bbox 448 1896 515 1938; x_wconf 94' lang='lat' dir='ltr'><strong>non</strong></span> <span class='ocrx_word' id='word_1_62' title='bbox 536 1875 618 1937; x_wconf 85' lang='lat' dir='ltr'><strong>falso</strong></span> <span class='ocrx_word' id='word_1_63' title='bbox 640 1875 783 1937; x_wconf 83' lang='lat' dir='ltr'><strong>Mentula</strong></span> <span class='ocrx_word' id='word_1_64' title='bbox 804 1874 891 1938; x_wconf 89' lang='lat' dir='ltr'><strong>dives</strong></span> 
     </span>
     <span class='ocr_line' id='line_1_16' title="bbox 212 1955 971 2043; baseline -0.001 -21"><span class='ocrx_word' id='word_1_65' title='bbox 212 1958 341 2039; x_wconf 82' lang='lat' dir='ltr'><strong>Fertur,</strong></span> <span class='ocrx_word' id='word_1_66' title='bbox 365 1958 419 2040; x_wconf 92' lang='lat' dir='ltr'><strong>qui</strong></span> <span class='ocrx_word' id='word_1_67' title='bbox 439 1959 490 2020; x_wconf 89' lang='lat' dir='ltr'><strong>tot</strong></span> <span class='ocrx_word' id='word_1_68' title='bbox 510 1976 560 2019; x_wconf 91' lang='lat' dir='ltr'><strong>res</strong></span> <span class='ocrx_word' id='word_1_69' title='bbox 582 1955 617 2018; x_wconf 96' lang='lat' dir='ltr'><strong>in</strong></span> <span class='ocrx_word' id='word_1_70' title='bbox 638 1977 672 2020; x_wconf 92' lang='lat' dir='ltr'><strong>se</strong></span> <span class='ocrx_word' id='word_1_71' title='bbox 693 1955 791 2020; x_wconf 90' lang='lat' dir='ltr'><strong>habet</strong></span> <span class='ocrx_word' id='word_1_72' title='bbox 811 1957 971 2043; x_wconf 80' lang='lat' dir='ltr'><strong>egregias,</strong></span> 
     </span>
     <span class='ocr_line' id='line_1_17' title="bbox 170 2040 1066 2126; baseline 0 -20"><span class='ocrx_word' id='word_1_73' title='bbox 170 2040 366 2124; x_wconf 89' lang='lat' dir='ltr'><strong>Aucupium,</strong></span> <span class='ocrx_word' id='word_1_74' title='bbox 396 2061 489 2104; x_wconf 91' lang='lat' dir='ltr'><strong>omne</strong></span> <span class='ocrx_word' id='word_1_75' title='bbox 517 2060 618 2124; x_wconf 86' lang='lat' dir='ltr'><strong>genus</strong></span> <span class='ocrx_word' id='word_1_76' title='bbox 645 2040 757 2125; x_wconf 86' lang='lat' dir='ltr'><strong>piscis,</strong></span> <span class='ocrx_word' id='word_1_77' title='bbox 784 2045 890 2126; x_wconf 82' lang='lat' dir='ltr'><strong>prate,</strong></span> <span class='ocrx_word' id='word_1_78' title='bbox 923 2065 997 2106; x_wconf 83' lang='lat' dir='ltr'><strong>arva</strong></span> <span class='ocrx_word' id='word_1_79' title='bbox 1023 2041 1066 2105; x_wconf 88' lang='lat' dir='ltr'><strong>fe-</strong></span> 
     </span>
     <span class='ocr_line' id='line_1_18' title="bbox 712 2148 834 2191; baseline 0.016 -2"><span class='ocrx_word' id='word_1_80' title='bbox 712 2148 763 2191; x_wconf 91' lang='lat' dir='ltr'><strong>ras</strong></span> <span class='ocrx_word' id='word_1_81' title='bbox 785 2149 834 2191; x_wconf 91' lang='lat' dir='ltr'><strong>ue.</strong></span> 
     </span>
     <span class='ocr_line' id='line_1_19' title="bbox 212 2148 951 2296; baseline 0.001 -23"><span class='ocrx_word' id='word_1_82' title='bbox 212 2208 427 2293; x_wconf 84' lang='lat' dir='ltr'><strong>Nequiquam:</strong></span> <span class='ocrx_word' id='word_1_83' title='bbox 449 2209 570 2274; x_wconf 86' lang='lat' dir='ltr'><strong>fructus</strong></span> <span class='ocrx_word' id='word_1_84' title='bbox 593 2148 785 2294; x_wconf 89' lang='lat' dir='ltr'><strong>sumptibusq</strong></span> <span class='ocrx_word' id='word_1_85' title='bbox 793 2214 951 2296; x_wconf 83' lang='lat' dir='ltr'><strong>exuperat</strong></span> 
     </span>
     <span class='ocr_line' id='line_1_20' title="bbox 140 2293 987 2377; baseline 0.001 -22"><span class='ocrx_word' id='word_1_86' title='bbox 140 2293 273 2368; x_wconf 75' lang='lat' dir='ltr'><strong>sQuare</strong></span> <span class='ocrx_word' id='word_1_87' title='bbox 296 2293 436 2357; x_wconf 86' lang='lat' dir='ltr'><strong>concedo</strong></span> <span class='ocrx_word' id='word_1_88' title='bbox 459 2294 502 2357; x_wconf 86' lang='lat' dir='ltr'><strong>sit</strong></span> <span class='ocrx_word' id='word_1_89' title='bbox 523 2293 626 2377; x_wconf 79' lang='lat' dir='ltr'><strong>dives,</strong></span> <span class='ocrx_word' id='word_1_90' title='bbox 649 2295 723 2358; x_wconf 90' lang='lat' dir='ltr'><strong>dum</strong></span> <span class='ocrx_word' id='word_1_91' title='bbox 746 2295 853 2359; x_wconf 87' lang='lat' dir='ltr'><strong>omnia</strong></span> <span class='ocrx_word' id='word_1_92' title='bbox 874 2294 987 2358; x_wconf 79' lang='lat' dir='ltr'><strong>desint.</strong></span> 
     </span>
     <span class='ocr_line' id='line_1_21' title="bbox 214 2377 1017 2461; baseline -0.006 -19"><span class='ocrx_word' id='word_1_93' title='bbox 214 2377 336 2442; x_wconf 80' lang='lat' dir='ltr'><strong>Saltum</strong></span> <span class='ocrx_word' id='word_1_94' title='bbox 357 2377 534 2461; x_wconf 87' lang='lat' dir='ltr'><strong>laudemus,</strong></span> <span class='ocrx_word' id='word_1_95' title='bbox 558 2377 633 2441; x_wconf 93' lang='lat' dir='ltr'><strong>dum</strong></span> <span class='ocrx_word' id='word_1_96' title='bbox 654 2378 750 2442; x_wconf 92' lang='lat' dir='ltr'><strong>modo</strong></span> <span class='ocrx_word' id='word_1_97' title='bbox 772 2399 805 2443; x_wconf 85' lang='lat' dir='ltr'><strong>eo</strong></span> <span class='ocrx_word' id='word_1_98' title='bbox 827 2379 895 2460; x_wconf 91' lang='lat' dir='ltr'><strong>ipse</strong></span> <span class='ocrx_word' id='word_1_99' title='bbox 917 2379 1017 2460; x_wconf 84' lang='lat' dir='ltr'><strong>egeat.</strong></span> 
     </span>
    </p>
   </div>
   <div class='ocr_carea' id='block_1_11' title="bbox 512 2507 663 2516">
    <p class='ocr_par' dir='ltr' id='par_1_12' title="bbox 512 2507 663 2516">
     <span class='ocr_line' id='line_1_22' title="bbox 512 2507 663 2516; baseline 0 -1"><span class='ocrx_word' id='word_1_100' title='bbox 512 2507 663 2516; x_wconf 61' lang='grc' dir='ltr'>...ι-..-</span> 
     </span>
    </p>
   </div>
   <div class='ocr_carea' id='block_1_12' title="bbox 535 2589 639 2664">
    <p class='ocr_par' dir='ltr' id='par_1_13' title="bbox 535 2589 639 2664">
     <span class='ocr_line' id='line_1_23' title="bbox 535 2589 639 2664; baseline -0.01 0"><span class='ocrx_word' id='word_1_101' title='bbox 535 2589 639 2664; x_wconf 80' lang='lat' dir='ltr'><strong>CXV.</strong></span> 
     </span>
    </p>
   </div>
   <div class='ocr_carea' id='block_1_13' title="bbox 80 2710 1069 3470">
    <p class='ocr_par' dir='ltr' id='par_1_14' title="bbox 80 2710 1069 3470">
     <span class='ocr_line' id='line_1_24' title="bbox 80 2710 961 2796; baseline -0.003 -20"><span class='ocrx_word' id='word_1_102' title='bbox 80 2774 82 2776; x_wconf 78' lang='grc'>,</span> <span class='ocrx_word' id='word_1_103' title='bbox 171 2714 315 2779; x_wconf 86' lang='lat' dir='ltr'><strong>Mentula</strong></span> <span class='ocrx_word' id='word_1_104' title='bbox 335 2713 433 2777; x_wconf 87' lang='lat' dir='ltr'><strong>habes</strong></span> <span class='ocrx_word' id='word_1_105' title='bbox 455 2713 556 2777; x_wconf 84' lang='lat' dir='ltr'><strong>instar</strong></span> <span class='ocrx_word' id='word_1_106' title='bbox 576 2713 710 2796; x_wconf 76' lang='lat' dir='ltr'><strong>triginta</strong></span> <span class='ocrx_word' id='word_1_107' title='bbox 731 2712 841 2795; x_wconf 83' lang='lat' dir='ltr'><strong>iugera</strong></span> <span class='ocrx_word' id='word_1_108' title='bbox 861 2710 961 2794; x_wconf 83' lang='lat' dir='ltr'><strong>preti,</strong></span> 
     </span>
     <span class='ocr_line' id='line_1_25' title="bbox 215 2793 883 2874; baseline -0.006 -12"><span class='ocrx_word' id='word_1_109' title='bbox 215 2799 341 2874; x_wconf 79' lang='lat' dir='ltr'><strong>Quadra</strong></span> <span class='ocrx_word' id='word_1_110' title='bbox 364 2798 431 2861; x_wconf 88' lang='lat' dir='ltr'><strong>inta</strong></span> <span class='ocrx_word' id='word_1_111' title='bbox 452 2797 532 2861; x_wconf 88' lang='lat' dir='ltr'><strong>arvi:</strong></span> <span class='ocrx_word' id='word_1_112' title='bbox 556 2798 660 2860; x_wconf 86' lang='lat' dir='ltr'><strong>cetera</strong></span> <span class='ocrx_word' id='word_1_113' title='bbox 682 2797 756 2859; x_wconf 89' lang='lat' dir='ltr'><strong>sunt</strong></span> <span class='ocrx_word' id='word_1_114' title='bbox 775 2793 883 2858; x_wconf 86' lang='lat' dir='ltr'><strong>maria.</strong></span> 
     </span>
     <span class='ocr_line' id='line_1_26' title="bbox 172 2877 958 2961; baseline -0.01 -12"><span class='ocrx_word' id='word_1_115' title='bbox 172 2882 237 2949; x_wconf 76' lang='lat' dir='ltr'><strong>Gur</strong></span> <span class='ocrx_word' id='word_1_116' title='bbox 257 2903 324 2946; x_wconf 94' lang='lat' dir='ltr'><strong>non</strong></span> <span class='ocrx_word' id='word_1_117' title='bbox 370 2881 464 2945; x_wconf 86' lang='lat' dir='ltr'><strong>&#39;vitiis</strong></span> <span class='ocrx_word' id='word_1_118' title='bbox 487 2879 639 2946; x_wconf 81' lang='lat' dir='ltr'><strong>Croesum</strong></span> <span class='ocrx_word' id='word_1_119' title='bbox 662 2900 807 2961; x_wconf 86' lang='lat' dir='ltr'><strong>superare</strong></span> <span class='ocrx_word' id='word_1_120' title='bbox 829 2877 958 2961; x_wconf 84' lang='lat' dir='ltr'><strong>potissit</strong></span> 
     </span>
     <span class='ocr_line' id='line_1_27' title="bbox 213 2961 889 3049; baseline -0.01 -18"><span class='ocrx_word' id='word_1_121' title='bbox 213 2965 288 3031; x_wconf 89' lang='lat' dir='ltr'><strong>Vno</strong></span> <span class='ocrx_word' id='word_1_122' title='bbox 311 2966 366 3049; x_wconf 91' lang='lat' dir='ltr'><strong>qui</strong></span> <span class='ocrx_word' id='word_1_123' title='bbox 386 2965 421 3029; x_wconf 92' lang='lat' dir='ltr'><strong>in</strong></span> <span class='ocrx_word' id='word_1_124' title='bbox 443 2965 526 3028; x_wconf 83' lang='lat' dir='ltr'><strong>saltu</strong></span> <span class='ocrx_word' id='word_1_125' title='bbox 547 2963 690 3028; x_wconf 85' lang='lat' dir='ltr'><strong>totmoda</strong></span> <span class='ocrx_word' id='word_1_126' title='bbox 711 2961 889 3046; x_wconf 81' lang='lat' dir='ltr'><strong>possideat,</strong></span> 
     </span>
     <span class='ocr_line' id='line_1_28' title="bbox 140 3044 1069 3134; baseline -0.006 -21"><span class='ocrx_word' id='word_1_127' title='bbox 140 3051 283 3134; x_wconf 62' lang='lat' dir='ltr'><strong>efflata,</strong></span> <span class='ocrx_word' id='word_1_128' title='bbox 305 3072 394 3132; x_wconf 83' lang='lat' dir='ltr'><strong>arva,</strong></span> <span class='ocrx_word' id='word_1_129' title='bbox 415 3050 563 3133; x_wconf 86' lang='lat' dir='ltr'><strong>ingentes</strong></span> <span class='ocrx_word' id='word_1_130' title='bbox 580 3048 675 3111; x_wconf 87' lang='lat' dir='ltr'><strong>silvas</strong></span> <span class='ocrx_word' id='word_1_131' title='bbox 693 3047 853 3129; x_wconf 86' lang='lat' dir='ltr'><strong>saltusque</strong></span> <span class='ocrx_word' id='word_1_132' title='bbox 874 3044 1069 3129; x_wconf 87' lang='lat' dir='ltr'><strong>paludesque</strong></span> 
     </span>
     <span class='ocr_line' id='line_1_29' title="bbox 214 3128 1068 3216; baseline -0.009 -17"><span class='ocrx_word' id='word_1_133' title='bbox 214 3134 323 3216; x_wconf 89' lang='lat' dir='ltr'><strong>Vsque</strong></span> <span class='ocrx_word' id='word_1_134' title='bbox 345 3133 385 3197; x_wconf 89' lang='lat' dir='ltr'><strong>ad</strong></span> <span class='ocrx_word' id='word_1_135' title='bbox 407 3131 631 3215; x_wconf 87' lang='lat' dir='ltr'><strong>Hyperboreos</strong></span> <span class='ocrx_word' id='word_1_136' title='bbox 661 3134 693 3195; x_wconf 90' lang='lat' dir='ltr'><strong>et</strong></span> <span class='ocrx_word' id='word_1_137' title='bbox 714 3151 800 3195; x_wconf 89' lang='lat' dir='ltr'><strong>mare</strong></span> <span class='ocrx_word' id='word_1_138' title='bbox 823 3129 862 3192; x_wconf 91' lang='lat' dir='ltr'><strong>ad</strong></span> <span class='ocrx_word' id='word_1_139' title='bbox 885 3128 1068 3193; x_wconf 81' lang='lat' dir='ltr'><strong>Oceanum?</strong></span> 
     </span>
     <span class='ocr_line' id='line_1_30' title="bbox 173 3212 1069 3362; baseline -0.01 -79"><span class='ocrx_word' id='word_1_140' title='bbox 173 3218 289 3284; x_wconf 89' lang='lat' dir='ltr'><strong>Omnia</strong></span> <span class='ocrx_word' id='word_1_141' title='bbox 310 3239 428 3302; x_wconf 86' lang='lat' dir='ltr'><strong>magua</strong></span> <span class='ocrx_word' id='word_1_142' title='bbox 447 3216 526 3280; x_wconf 89' lang='lat' dir='ltr'><strong>haec</strong></span> <span class='ocrx_word' id='word_1_143' title='bbox 549 3218 637 3300; x_wconf 84' lang='lat' dir='ltr'><strong>sunt,</strong></span> <span class='ocrx_word' id='word_1_144' title='bbox 664 3218 771 3362; x_wconf 73' lang='lat' dir='ltr'><strong>tameln</strong></span> <span class='ocrx_word' id='word_1_145' title='bbox 798 3213 891 3297; x_wconf 83' lang='lat' dir='ltr'><strong>ipse’s</strong></span> <span class='ocrx_word' id='word_1_146' title='bbox 914 3212 1069 3276; x_wconf 83' lang='lat' dir='ltr'><strong>maximus</strong></span> 
     </span>
     <span class='ocr_line' id='line_1_31' title="bbox 717 3303 813 3380; baseline -0.052 -15"><span class='ocrx_word' id='word_1_147' title='bbox 717 3323 739 3365; x_wconf 95' lang='lat' dir='ltr'><strong>u</strong></span> <span class='ocrx_word' id='word_1_148' title='bbox 752 3303 813 3380; x_wconf 81' lang='lat' dir='ltr'><strong>tm,</strong></span> 
     </span>
     <span class='ocr_line' id='line_1_32' title="bbox 215 3381 1038 3470; baseline -0.012 -18"><span class='ocrx_word' id='word_1_149' title='bbox 215 3386 292 3452; x_wconf 93' lang='lat' dir='ltr'><strong>Non</strong></span> <span class='ocrx_word' id='word_1_150' title='bbox 312 3385 424 3470; x_wconf 78' lang='lat' dir='ltr'><strong>homo,</strong></span> <span class='ocrx_word' id='word_1_151' title='bbox 447 3384 502 3449; x_wconf 89' lang='lat' dir='ltr'><strong>sed</strong></span> <span class='ocrx_word' id='word_1_152' title='bbox 524 3406 597 3449; x_wconf 88' lang='lat' dir='ltr'><strong>vero</strong></span> <span class='ocrx_word' id='word_1_153' title='bbox 620 3384 762 3448; x_wconf 88' lang='lat' dir='ltr'><strong>mentula</strong></span> <span class='ocrx_word' id='word_1_154' title='bbox 783 3402 901 3468; x_wconf 81' lang='lat' dir='ltr'><strong>magna</strong></span> <span class='ocrx_word' id='word_1_155' title='bbox 921 3381 1038 3444; x_wconf 85' lang='lat' dir='ltr'><strong>minax..</strong></span> 
     </span>
    </p>
   </div>
   <div class='ocr_carea' id='block_1_14' title="bbox 513 3524 664 3534">
    <p class='ocr_par' dir='ltr' id='par_1_15' title="bbox 513 3524 664 3534">
     <span class='ocr_line' id='line_1_33' title="bbox 513 3524 664 3534; baseline 0 -1"><span class='ocrx_word' id='word_1_156' title='bbox 513 3524 664 3534; x_wconf 70' lang='lat'><em>-—-.-</em></span> 
     </span>
    </p>
   </div>
   <div class='ocr_carea' id='block_1_15' title="bbox 0 0 1186 3998">
    <p class='ocr_par' dir='ltr' id='par_1_16' title="bbox 0 0 1186 3998">
     <span class='ocr_line' id='line_1_34' title="bbox 0 0 1186 3998; baseline 0 0"><span class='ocrx_word' id='word_1_157' title='bbox 0 0 1186 3998; x_wconf 95' lang='lat' dir='ltr'><strong> </strong></span> 
     </span>
    </p>
   </div>
  </div>
 </body>
</html>
