2362 3998
110 204 151 269 60
514 209 665 271 curvum
937 211 1069 282 [vaffl.

216 371 374 456 Fulgebat
395 372 523 436 crocina
545 372 697 437 candidus
719 373 754 436 in
775 373 892 438 tunica.

113 467 161 517 185
172 455 259 531 Quae
280 461 389 521 111111
410 457 469 520 etsi
491 478 555 521 uno
576 477 643 520 non
666 459 714 521 est
735 460 886 521 contenta
907 454 1050 541 Catullo,

215 539 300 604 Rara
321 539 515 604 verecundae
536 541 622 604 furta
642 541 778 605 feremus
802 563 872 605 erae

174 622 224 688 Ne
245 623 380 687 nimium
401 623 499 687 simus
523 624 692 688 stultorum
713 645 802 688 more
822 589 961 690 molesti.

218 705 318 790 Saepe
340 707 435 772 etiam
455 706 553 790 Iuno,
575 708 713 772 maxima
734 709 934 791 caelicolum,

176 789 329 875 Coniugis
349 791 385 855 in
407 791 500 887 culpa
520 791 710 876 flagrantem
731 792 926 874 conquoqnit
947 792 1043 876 iram,

115 885 163 936 140
214 873 359 938 Noscens
381 875 536 939 ommvoli
556 876 693 960 plurima
713 876 799 940 furta
819 875 914 940 Iovis.

175 958 294 1040 Atquei
315 980 375 1022 neo
397 958 477 1022 divis
499 958 644 1023 homines
666 960 840 1042 conponier
861 961 1041 1043 aequomst,

217 1206 384 1292 Ingratum
404 1209 531 1272 tremuli
552 1209 630 1273 tolle
652 1210 792 1293 parentis
815 1232 905 1275 onus.

175 1290 244 1356 Nec
265 1294 374 1356 tamen
395 1292 451 1356 illa
471 1292 551 1357 mihi
572 1292 682 1357 dextra
704 1293 837 1358 deducta
857 1297 991 1378 paterna

218 1374 428 1459 Fragrantem
448 1377 582 1460 Assyrio
604 1378 694 1441 venit
714 1377 812 1442 odore
833 1377 978 1461 domum,

115 1469 164 1519 141
176 1457 237 1523 Sed
259 1459 377 1524 furtiva
398 1460 485 1525 dedit
505 1464 594 1525 muta
615 1462 803 1526 munuscula
823 1464 932 1545 nocte,

219 1542 323 1626 Ipsius
346 1566 385 1608 ex
406 1545 485 1629 ipso·
498 1544 627 1630 dempta
647 1546 707 1610 viri
728 1547 860 1631 gremio.

177 1626 281 1701 Quare
303 1627 382 1691 illud
404 1629 482 1694 satis
504 1631 553 1693 est
590 1630 617 1692 si
638 1630 731 1694 nobis
753 1630 781 1694 is
803 1629 895 1693 datur
915 1629 1004 1713 unis,

220 1710 321 1786 Quem
342 1712 447 1795 lapide
468 1713 524 1776 illa
546 1678 630 1777 diem
652 1713 833 1777 candidiore
854 1716 956 1777 notat.

178 1793 250 1859 Hoc
271 1795 347 1878 tibi,
369 1816 432 1878 qua
452 1797 557 1879 potui,
581 1797 761 1861 confectum
785 1797 923 1861 carmine
944 1817 1059 1861 munus

116 1888 165 1938 150
217 1878 280 1942 Pro
301 1879 426 1961 multis,
448 1880 531 1961 Alli,
553 1879 695 1943 redditur
717 1881 846 1965 officiis,

177 1959 228 2025 Ne
249 1964 392 2025 vostrum
413 1962 525 2026 scabra
545 1965 658 2047 tangat
679 1962 826 2060 rubigine
847 1985 967 2029 nomen

220 2043 308 2108 Haec
329 2048 423 2128 atque
444 2045 500 2109 illa
521 2045 588 2111 dies
610 2050 703 2130 atque
725 2048 787 2112 1111
808 2052 841 2112 11
861 2071 901 2113 ue
923 2048 993 2112 alia.

177 2126 250 2193 Huc
265 2128 382 2193 addent
396 2129 461 2194 divi
476 2152 570 2213 quam
584 2132 735 2215 plurima,
757 2153 837 2215 quae
903 2131 980 2196 emis
996 2131 1073 2196 olim

198 2213 349 2296 Antiquis
371 2215 497 2278 solitast
517 2237 649 2279 munera
670 2217 753 2280 ferre
773 2217 850 2301 piis:

116 2307 165 2358 111
178 2296 255 2362 Sitis
276 2297 386 2362 felices
409 2301 441 2363 et
460 2301 497 2362 tu
519 2300 614 2364 simul
636 2304 668 2364 et
688 2304 744 2364 tua
765 2301 830 2363 vita

219 2381 264 2445 111
285 2381 411 2465 domus,
433 2383 496 2466 ipsi
517 2383 552 2446 in
573 2405 635 2467 qua
655 2384 788 2448 lusimus
810 2386 843 2448 et
863 2384 1005 2466 domina,

177 2464 222 2529 Et
243 2465 298 2548 qui
318 2465 476 2549 principio
497 2467 591 2531 nobis
612 2471 645 2531 te
666 2468 797 2532 tradidit
817 2468 936 2549 Anser,

220 2549 251 2612 Α
274 2568 335 2630 quo
358 2552 433 2612 sunt
453 2549 556 2632 primo
577 2551 623 2613 mi
644 2552 752 2615 omnia
772 2554 849 2615 1111
869 2551 962 2615 bona.

178 2632 222 2697 Et
243 2633 339 2717 longe
361 2635 435 2697 ante
456 2654 566 2699 omnes
589 2635 669 2699 mihi
683 2657 761 2718 quae
776 2657 826 2699 me
841 2634 943 2698 carior
956 2634 1073 2718 ipsust,

118 2729 167 2778 100
218 2715 287 2780 Lux
308 2738 392 2801 mea,
414 2739 476 2803 qua
497 2719 569 2783 viva
590 2721 695 2784 vivere
718 2720 807 2784 dulce
828 2718 947 2782 mihist.

503 2933 680 3007 LXVIHI.

177 3049 256 3116 Noli
277 3053 440 3137 admirari,
462 3075 558 3137 quare
578 3055 638 3118 tibi
660 3055 779 3120 femina
799 3055 903 3137 nulla,

221 3135 319 3219 Rufe,
341 3137 419 3199 velit
438 3140 584 3202 tenerum
606 3140 807 3222 supposuisse
829 3141 948 3222 femur,

177 3217 255 3283 Non
276 3220 304 3283 si
325 3219 414 3283 illam
435 3242 524 3285 11111
549 3222 721 3288 labefactes
742 3246 872 3289 munere
892 3223 990 3289 vestis

220 3303 288 3367 Aut
307 3303 495 3387 perluciduli
518 3304 638 3370 deliciis
660 3308 783 3391 lapidis.

146 3385 291 3450 tLaedit
311 3390 344 3452 tc
386 3387 519 3452 uaedam
539 3391 625 3453 mala
644 3391 767 3474 fabula,
790 3412 851 3474 qua
871 3390 932 3455 tibi
953 3390 1056 3455 111111

220 3469 313 3535 Valle
335 3409 394 3535 sul)
416 3473 537 3538 alarum
557 3476 632 3538 trux
652 3474 796 3539 habitare
818 3495 921 3558 caper.
