2362 3998
95 178 189 262 um]
530 179 646 237 rmus

147 344 250 409 Nobis
273 365 292 409 o
316 343 420 408 lucem
443 342 624 407 candidiore
646 342 738 407 nota!

107 430 184 506 Quis
205 449 257 492 me
278 449 343 493 uno
365 427 446 491 vivit
467 427 606 509 felicior,
629 431 685 491 aut
705 449 758 490 ma
784 426 808 491 's
830 425 891 490 hac
911 448 962 490 res

149 512 313 597 Optandas
334 512 401 575 rita
423 511 526 575 dicere
549 511 619 593 quis
640 511 760 594 poterit

525 723 649 798 CVIII.

109 849 159 933 si,
182 847 325 931 Comini,
346 847 458 932 populi
480 847 610 911 arbitrio
632 850 687 911 tua
708 868 787 910 cana
808 850 953 911 senectus

151 933 306 1016 spurcata
327 932 449 1015 inpuris
471 931 613 995 moribus
635 931 784 1013 intereat,

109 1016 184 1082 Non
213 1015 357 1098 equidem
387 1015 496 1079 dubito
526 1015 604 1099 quin
631 1015 769 1098 primum
796 1014 926 1079 inimica
952 1014 1008 1078 bo·

714 1120 829 1163 norum

151 1183 277 1268 Lingua
298 1186 407 1247 erecta
429 1183 521 1248 avido
544 1183 586 1247 sit
607 1183 681 1247 data
701 1182 854 1267 roltudo,

109 1268 252 1332 Idffossos
275 1268 385 1331 oculos
406 1271 497 1332 voret
519 1270 587 1331 atro
609 1269 738 1352 gutture
759 1288 886 1351 corvos,
1055 1279 1070 1328 ὅ

151 1351 309 1415 Intestina
331 1372 440 1434 canes,
463 1355 568 1416 cetera
587 1351 731 1415 membra
751 1351 827 1435 lupi.

514 1479 667 1490 -———-ae

462 1616 464 1620 -
520 1564 660 1638 cvrffl.

111 1686 302 1769 iocundum,
323 1707 395 1750 mea
415 1686 497 1769 vite,
519 1685 598 1750 mihi
618 1687 772 1770 proponis
795 1708 934 1751 amorem

152 1771 248 1834 Hunc
269 1772 415 1833 nostrum
436 1770 579 1834 internos
601 1775 849 1854 perpetuomque
869 1770 948 1835 fore.

112 1855 153 1918 Di
174 1855 299 1938 magni,
322 1853 417 1918 facite
440 1856 477 1917 ut
497 1875 570 1918 vere
591 1855 777 1938 promittere
798 1855 915 1939 possit,

153 1939 259 2020 Atque
280 1937 314 2002 id
336 1938 458 2002 sincere
481 1937 565 2002 dicat
586 1941 619 2002 et
640 1961 679 2002 ex
700 1939 822 2023 animo,

111 2021 157 2086 Vt
178 2022 273 2085 liceat
293 2021 385 2084 nobis
406 2023 476 2084 tota
496 2022 669 2104 producere
690 2023 756 2087 vita
1057 2035 1073 2085 o

153 2105 323 2168 Alternum
344 2103 407 2169 hoc
429 2108 557 2168 sanctae
578 2105 689 2169 foedus
713 2107 880 2171 amicitiae.

553 2317 625 2392 CX.
735 2330 739 2336 ’

113 2440 274 2521 Aufilena,
296 2440 399 2504 bonae
421 2462 546 2524 semper
568 2441 737 2506 laudantur
758 2442 891 2507 amicae:

155 2524 328 2606 Accipiunt
348 2525 501 2608 pretium,
524 2547 603 2608 quae
623 2526 728 2591 facere
749 2526 929 2592 instituunt.

113 2607 163 2670 'Pu
184 2607 268 2689 quod
289 2609 451 2691 promisti,
473 2608 552 2672 mihi
574 2609 659 2691 quod
679 2611 813 2674 mentita
838 2611 1007 2694 inimica's,

157 2690 249 2766 Quod
270 2713 330 2756 nec
351 2692 406 2756 das
429 2694 462 2756 et
482 2691 546 2756 fers
569 2714 680 2776 saepe,
701 2694 781 2757 facis
803 2693 937 2759 facinus.

114 2776 181 2839 Aut
201 2774 305 2838 facere
327 2775 531 2860 ingenuaest,
554 2779 697 2841 autnon
717 2777 873 2860 promisse
887 2777 1037 2862 pudicae,
1059 2791 1075 2841 c

156 2859 318 2941 Aufidena,
340 2859 415 2923 fuit:
442 2859 498 2924 sed
519 2859 593 2924 data
615 2861 773 2944 corripere

114 2941 300 3007 Fraudando
322 2944 344 3024 Τ
366 2943 463 3007 efficit
483 2943 555 3026 plus
578 2965 672 3028 quam
694 2945 868 3010 meretricis
891 2967 1020 3030 avarae,

157 3026 243 3100 Quae
266 3045 335 3089 sese
357 3029 425 3091 toto
449 3048 581 3111 corpore
603 3029 777 3113 prostituit.

551 3243 640 3317 CXI.

118 3361 277 3445 Aufidena,
299 3362 367 3426 viro
390 3365 573 3427 contentam
594 3366 699 3431 virere
722 3368 807 3451 solo,

156 3444 337 3529 Nuptarum
359 3447 427 3509 laus
450 3470 467 3511 e
488 3447 634 3515 laudibus
658 3450 799 3516 eximiis:
