2356 3826
103 208 277 277 manvu]
525 205 642 262 niara.

187 369 308 433 Dextra
329 367 465 442 sternuit
486 367 755 451 adprobationem.

186 455 232 516 At
253 453 353 517 Acme
374 453 488 516 leviter
509 453 605 534 caput
624 451 790 515 reflectens

186 536 230 600 Et
252 536 352 600 dulcis
374 535 464 619 pueri
486 535 590 600 ebrios
613 535 730 599 ocellos

188 618 249 683 Illo
271 640 428 704 purpureo
451 640 505 683 ore
528 618 648 682 saviata

189 703 276 767 ‘Sic’
298 704 402 787 inquit
423 707 511 767 ‘mea
532 703 598 766 vita
619 701 822 785 Septumille‚

187 785 272 850 Huic
292 787 348 850 uni
371 786 499 850 domino
520 807 621 868 usque
642 785 830 871 serviamus,

187 868 234 933 Vt
253 871 353 934 multo
374 869 454 933 mih'i
472 869 576 932 maior
597 868 760 951 acriorque
862 892 869 903 ·

188 952 204 1017 I
253 954 278 1017 's
301 954 450 1017 mollibus
473 952 563 1016 ardet
583 952 618 1015 in
639 951 808 1016 medullis?

220 1057 258 1100 oc
279 1040 316 1101 ut
337 1037 433 1118 dixit,
455 1037 571 1122 Amor,
594 1035 723 1100 sinistra
744 1037 781 1098 ut
802 1038 875 1099 ante
881 1083 890 1116 ,

188 1118 309 1184 Dextra
330 1120 466 1185 sternuit
486 1120 525 1184 ad
548 1119 757 1184 robationem.

187 1202 282 1268 Nunc
304 1205 344 1268 ab
366 1204 506 1288 auspicio
526 1143 614 1268 bono
635 1202 770 1287 profecti

186 1286 306 1352 Mutuis
329 1288 444 1352 animis
466 1291 575 1352 amant
595 1289 750 1352 amantur.

185 1368 292 1434 Vnam
314 1371 495 1454 Septumius
516 1372 656 1436 misellus
677 1371 801 1436 Acmen

186 1453 309 1518 Mavolt
351 1477 426 1519 uam
448 1454 555 1538 Syrias
576 1454 836 1537 Britanniasque:

187 1536 261 1600 Vno
283 1538 317 1601 in
331 1476 513 1635 qSeptumio·
525 1537 627 1601 fidelis
647 1537 749 1601 Acme

188 1620 280 1684 Facit
301 1621 429 1697 delicras
452 1621 671 1703 libidinesque.

188 1703 265 1779 Quis
287 1703 369 1768 ullos
391 1704 537 1768 homines
559 1704 716 1768 beatiores

187 1785 293 1870 Vidit,
317 1788 387 1871 quis
408 1787 566 1854 Venerem
588 1787 853 1870 auspicatiorcm‘?
941 1802 944 1807 ’

479 1999 677 2074 XXXXVl.

185 2119 255 2184 Iam
276 2143 331 2185 ver
353 2121 494 2205 egelidos
515 2121 614 2185 refert
633 2124 777 2205 tepores,

186 2203 255 2268 Iam
277 2204 356 2269 caeli
378 2206 467 2267 furor
488 2204 727 2286 aequinoctialis

186 2286 336 2352 Iocundis
358 2287 401 2351 Ze
424 2287 496 2370 hyri
518 2287 637 2351 silescit
658 2288 770 2351 aurcis.

186 2370 384 2454 Linquentur
401 2310 552 2456 l'hrygii‚
575 2369 713 2453 Catulle,
737 2372 841 2455 campi
914 2440 917 2446 ,

185 2454 384 2539 Nicaeaeque
406 2476 482 2553 ager
502 2454 581 2519 uber
603 2457 781 2519 aestuosae:
877 2484 880 2489 ·

185 2539 237 2602 Ad
259 2540 359 2604 claras
380 2540 477 2603 Asrae
498 2540 639 2603 volemus
661 2539 764 2603 urbes.

187 2621 256 2686 lam
277 2644 367 2686 mens
389 2623 628 2705 praetrepidans
650 2625 723 2686 avet
742 2623 866 2706 vagari,

187 2704 255 2769 Iam
277 2707 353 2770 laeti
375 2705 479 2771 studio
502 2706 598 2789 pedes
619 2706 797 2790 vigescunt.

187 2788 213 2852 O
238 2789 344 2854 dulces
367 2790 520 2855 comitum
541 2790 644 2853 valete
665 2791 788 2869 coetus,
891 2831 894 2836 .

185 2871 296 2956 Longe
319 2892 397 2955 quos
419 2873 513 2937 simul
535 2895 554 2936 a
576 2873 669 2936 domo
691 2871 852 2955 profectos

186 2953 339 3019 Diversae
360 2957 463 3021 variae
486 2956 555 3020 viae
576 2958 749 3039 reportant.

472 3168 686 3243 xxxxvu.
741 3220 745 3227 .
850 3116 853 3121 ’

185 3288 279 3354 Porci
302 3292 335 3354 et
356 3283 536 3373 Socration,
559 3291 638 3355 duae
660 3291 807 3355 sinistrae
901 3351 903 3354 Α

186 3371 327 3456 Pisonis,
350 3374 473 3455 scabies
494 3373 656 3458 famesque
677 3373 787 3440 mundi

120 3520 129 3530 ,
185 3455 253 3520 Vos
275 3456 447 3523 Veraniolo
469 3479 540 3523 meo
563 3460 595 3523 et
616 3457 749 3523 Fabullo
