2362 3998
47 217 55 226 '
138 215 161 281 4
487 236 515 306 j
545 218 697 276 cervum

220 371 328 446 Velles
351 381 469 463 dicere,
490 383 550 443 n'ec
571 383 674 443 tacere
696 401 815 463 posses.

220 465 340 530 Verum
361 464 546 546 nescioquid
566 463 750 527 febriculosi

18 604 51 621 ,,
151 562 167 612 o
189 554 194 563 '
221 548 324 614 Seorti
346 548 467 632 diligis:
489 546 551 610 hoc
571 547 671 631 pudet
691 547 793 611 fateri.

219 633 304 696 Nam
323 634 357 696 te
377 652 444 695 non
465 631 575 694 viduas
596 630 698 694 iacere
718 633 828 694 noctes

220 715 421 799 Nequiquam
442 714 575 788 taciturn
596 714 699 778 cubile
721 714 837 777 clamat
878 762 881 766 -

221 798 319 864 Sertis
341 820 378 863 ac
401 798 491 882 Syrio
513 798 659 882 fragrans
681 796 780 879 olivo,

220 882 433 965 Pulvinusque
454 902 609 965 peraeque
631 883 665 944 et
684 879 736 944 hie
757 884 789 945 et
810 881 865 945 illo

139 979 171 1029 ιο
219 967 373 1049 Attritus,
395 965 584 1047 tremulique
606 985 721 1047 quassa
742 964 817 1028 lecti

220 1050 390 1134 Argutatio
412 1048 690 1130 inambulatioque.

219 1133 305 1199 Nam
326 1133 373 1196 nil
394 1135 503 1214 stupra
524 1131 622 1213 valet,
644 1130 739 1212 nihil,
761 1133 872 1194 tacere.

91 1230 104 1301 ᾗ
220 1216 306 1281 Cur?
329 1237 394 1280 non
414 1219 480 1279 tam
501 1216 601 1298 latera
623 1215 762 1278 ecfututa
783 1213 919 1298 pandas,

219 1300 282 1366 Nei
302 1302 339 1363 tu
360 1299 435 1383 quid
456 1299 554 1362 facias
575 1298 774 1380 ineptiarum.
832 1335 835 1341 -

138 1397 169 1447 16
219 1383 322 1459 Quare
344 1381 614 1466 quidquidbabes
637 1381 712 1445 boni
733 1381 885 1464 malique,
980 1410 981 1413 ¹

219 1465 280 1531 Dic
304 1467 406 1531 nobis.
438 1466 510 1530 volo
532 1469 565 1544 te
586 1486 623 1530 ae
643 1466 715 1528 tuos
737 1485 860 1529 amores

219 1551 271 1614 Ad
293 1551 414 1615 caelum
436 1549 541 1633 lepido
563 1570 675 1613 vocare
697 1570 799 1613 versu.

538 1678 689 1687 ————--

568 1762 651 1834 Vll.

136 1902 139 1907 ⁴
220 1884 365 1967 Quaeris,
389 1873 470 1966 qriot'
486 1881 566 1945 mihi
587 1882 779 1945 basiationes

220 1968 319 2050 Tuae,
341 1967 468 2048 Lesbia,
490 1966 555 2029 sint
576 1965 653 2028 satis
675 1985 838 2048 superque.

220 2051 322 2126 Quam
342 2070 478 2134 magnus
499 2069 647 2112 numerus
669 2047 820 2131 Libyssae
841 2068 956 2113 arenae

220 2133 457 2218 Laserpiciferis
478 2133 562 2197 iacet
582 2131 729 2216 Cyrenis,

149 2230 167 2282 c
219 2219 367 2284 Oraclum
388 2215 473 2282 Iovis
498 2217 582 2282 inter
603 2215 741 2295 aestuosi

155 2302 161 2312 '
219 2303 264 2366 Et
283 2301 371 2365 Batti
392 2301 507 2366 veteris
529 2322 654 2365 sacrum
675 2301 868 2383 sepulcrum,

217 2387 286 2449 Aut
306 2405 401 2468 quam
423 2384 526 2448 sidera
546 2385 661 2465 multa,
687 2404 759 2446 cum
779 2386 865 2446 tacet
885 2402 964 2464 nox,

219 2469 365 2533 Furtivos
387 2467 553 2531 hominurn
573 2466 683 2530 vident
704 2485 842 2548 amores,

219 2552 297 2616 ‘lam
319 2554 351 2615 te
372 2551 460 2615 basia
480 2550 581 2614 multe
600 2549 723 2613 basiare

136 2649 168 2698 ιο
216 2635 342 2700 Vesano
365 2634 441 2698 satis
464 2637 496 2698 et
516 2654 610 2717 super
633 2631 804 2716 Catullost,

219 2717 305 2794 Quae
326 2739 385 2783 nec
406 2737 627 2801 pernumerare
649 2716 764 2780 curiosi

217 2802 347 2866 Possint
367 2820 426 2866 ne‘c
447 2802 531 2866 mala
550 2801 705 2866 fascinare
727 2800 845 2884 lingua

535 2929 686 2940 -.—--—

560 3013 655 3087 VIlI.

217 3137 314 3202 Miser
337 3137 475 3220 Catulle,
498 3137 621 3203 desinas
644 3137 792 3220 ineptire,

215 3222 260 3286 Et
280 3220 365 3304 quod
386 3221 473 3285 vides
494 3222 613 3304 perisse
635 3221 793 3304 perditum
814 3222 920 3286 ducas.

216 3305 345 3370 Fulsere
368 3305 526 3388 quondam
549 3304 674 3370 candidi
695 3304 755 3368 tibi
776 3306 875 3386 soles,

206 3388 297 3454 Cum
318 3389 494 3454 ventitabas
517 3411 579 3472 quo
600 3389 705 3474 puella
726 3389 861 3453 ducebat

90 3481 92 3485 '
145 3483 162 3535 5
214 3474 331 3538 Amata
351 3473 444 3538 nobis
467 3477 620 3559 quantum
642 3473 798 3539 amabitur
818 3473 915 3538 nulla.
