2362 3998
186 183 281 258 aar]
604 181 721 239 manu

57 400 60 405 .
186 345 231 409 Vt
253 344 376 410 albulus
400 343 563 409 columbus
586 345 640 408 aut
660 341 835 407 Adoneus?

185 428 326 494 Cinaede
348 428 498 511 Romule,
520 426 600 492 haee
620 427 742 491 videbis
765 429 797 491 et
817 422 921 490 feres?

185 513 230 578 Es
252 513 420 597 inpudicus
443 514 475 575 et
495 532 593 575 vorax
614 514 647 575 et
667 511 746 575 aleo.
1117 517 1150 568 10

185 595 276 660 Eone
298 597 444 678 nomine,
467 595 640 678 imperator
659 594 766 678 unice,

54 660 63 725 ',
185 679 290 744 Fuisti
311 680 346 744 in
367 679 481 743 ultima
502 678 675 742 occidentis
697 678 818 762 insula,

63 777 65 781 ’
185 762 232 827 Vt
252 764 314 827 ista
334 766 442 827 vostra
463 762 607 827 defututa
627 762 772 825 Mentula

186 845 360 911 Ducenties
383 849 539 910 comesset
560 848 616 909 aut
636 844 827 909 trecenties?

186 929 271 1004 Quid
294 933 343 993 est
364 929 428 993 alid
450 929 581 993 sinistra
601 928 797 992 liberalitas?
1117 938 1149 988 15

187 1011 305 1077 Parum
327 1013 505 1096 expatravit
525 1034 568 1076 an
587 1034 699 1096 parum
722 1013 845 1076 eluatus
866 1009 937 1076 est?

187 1096 324 1161 Paterna
345 1098 448 1180 prima
468 1096 629 1160 lancinata
650 1099 725 1160 sunt
746 1096 845 1160 bona:

187 1180 333 1245 Secunda
353 1180 471 1264 praeda
491 1179 641 1244 Pontica:
663 1180 738 1244 inde
758 1180 854 1244 tertia

59 1288 62 1295 ·
187 1263 321 1347 Hibera,
345 1286 439 1347 quarn
461 1265 522 1328 soit
543 1263 646 1327 amnis
668 1264 786 1328 aurifer
806 1263 922 1348 Tagus.

188 1347 357 1411 Timentne
380 1347 502 1412 Galliae
524 1346 624 1429 huno,
646 1348 762 1411 timent
782 1345 989 1411 Britanniae?
1116 1357 1151 1408 20

189 1430 273 1504 Quid
294 1430 380 1494 huno
401 1431 520 1494 malum
540 1431 678 1495 fovetis?
711 1433 765 1494 aut
786 1431 863 1516 quid
883 1430 936 1495 bio
957 1432 1078 1515 potest,

191 1511 263 1582 Nisi
283 1517 381 1578 unota
403 1513 552 1578 devorare
573 1514 785 1597 patrimonia?

192 1597 281 1662 Eone
302 1597 432 1661 nomine
453 1597 557 1678 urbis,
579 1618 598 1660 o
620 1597 795 1680 potissimei

189 1680 287 1746 Socer
307 1701 482 1766 generque,
504 1680 686 1763 perdidistis
709 1680 836 1745 omnia?

611 1961 723 2036 XXX.

193 2099 307 2164 Alfene
328 2101 486 2164 inmemor
507 2103 602 2183 atque
623 2100 782 2164 unanimis
803 2101 884 2164 false
906 2101 1083 2187 sodalibus,

190 2183 260 2248 lam
280 2186 313 2247 te
334 2185 382 2248 nil
402 2185 545 2266 miseret,
568 2182 661 2266 dure,
680 2184 729 2247 tui
751 2183 851 2247 duleis
874 2185 1024 2249 amiculi?

70 2310 72 2317 ’
191 2316 260 2381 Iam
274 2340 326 2382 me
340 2318 489 2402 prodere,
511 2318 577 2381 iam
597 2338 664 2381 non
686 2316 811 2381 dubitas
825 2317 950 2399 fallere,
972 2318 1113 2402 perfide?

70 2470 75 2499 ς
191 2399 261 2466 Neo
271 2401 356 2466 faeta
365 2402 455 2487 inpia
466 2402 616 2467 fallacum
626 2400 792 2465 hominum
803 2402 961 2466 caelicolis
974 2402 1116 2486 placent:

71 2565 74 2592 ι
193 2533 285 2607 Quod
299 2536 335 2597 tu
355 2536 516 2620 neglegis,
538 2556 575 2600 ae
596 2557 647 2600 me
663 2537 815 2599 miserum
829 2536 947 2600 deseris
963 2536 997 2599 in
1011 2536 1112 2601 malis.
1134 2548 1152 2598 o

70 2601 73 2645 ἴ
192 2615 285 2680 Eheu
312 2619 388 2701 quid
412 2619 549 2708 faciant,
575 2619 640 2703 dio,
665 2618 957 2766 homines,fioduireP
971 2618 1111 2684 habeant

884 2725 933 2767 em

192 2833 288 2898 Certe
309 2836 377 2898 tute
398 2833 529 2899 iubebas
552 2836 692 2900 animam
713 2835 852 2918 tradere,
874 2836 995 2919 inique,
1017 2859 1068 2902 me

193 2916 351 2981 Inducens
366 2919 401 2981 in
415 2940 570 3004 amorem,
593 2921 683 3004 quasi
704 2923 775 2983 tuta
796 2921 904 2983 omnia
923 2921 969 2984 mi
983 2920 1099 2989 forent.

194 3050 283 3114 Idem
297 3073 383 3115 nuno
397 3051 532 3116 retrahis
546 3057 578 3117 te
601 3075 638 3118 ao
658 3055 714 3118 tua
736 3053 821 3119 diota
841 3055 950 3118 omnia
965 3054 1112 3139 factaque

63 3208 67 3229 ι
194 3131 316 3198 Ventos
339 3135 436 3198 inrita
455 3135 538 3200 ferre
560 3158 598 3202 ao
617 3138 750 3202 nebulas
773 3138 872 3202 aerias
895 3139 984 3203 sinis.
1121 3151 1154 3202 ιο

194 3267 229 3333 Si
243 3269 280 3332 tu
294 3269 412 3333 oblitus
428 3291 475 3351 es,
499 3273 534 3333 at
547 3271 580 3335 di
594 3273 823 3355 meminenmt,
838 3273 983 3336 meminit
996 3271 1105 3355 Fides,

66 3424 69 3429 ,
194 3351 282 3427 Quae
303 3357 335 3417 te
358 3356 394 3416 ut
414 3355 575 3437 paeniteat
595 3355 763 3438 postmodo
785 3357 863 3420 faeti
884 3357 980 3420 saciet
1000 3357 1055 3419 tui.

598 3509 748 3520 ——.-..
