2362 3998
531 175 646 230 LIBER.

58 413 59 425 χ
195 336 269 401 Sive
291 357 354 420 qua
375 336 644 420 septemgeminus
666 337 787 401 colorat

396 421 545 503 Aequora
564 419 675 504 Nilus,

195 504 268 569 Sive
288 506 378 568 trans
400 504 481 566 altas
502 503 664 589 gradietur
685 502 802 588 Alpes,

195 587 341 654 Caesaris
362 587 468 652 visens
489 587 687 651 monimenta
707 588 831 672 magni,
1041 600 1073 650 10

196 671 353 736 Gallicum
373 669 534 753 Rhenum,
556 671 708 736 horribile
730 692 848 755 aequor
867 672 940 736 ulti·

395 775 527 837 mosque
548 753 737 838 Britannos,

197 838 313 902 Omnia
333 836 426 921 haec,
450 859 666 921 quaecumque
687 839 768 903 feret
789 840 935 903 voluntas

196 920 368 1005 Caelitum,
390 924 546 1005 temptare
568 922 663 986 simul
683 922 802 1007 parati,
855 935 856 940 ’

194 1004 300 1070 Pauca
320 1006 465 1069 nuntiate
487 1026 576 1069 meae
620 1006 721 1071 uellae
1040 1019 1072 1068 1⁶

396 1089 473 1155 Non
493 1028 693 1155 benedicta.

195 1172 275 1238 Cum
296 1174 360 1238 suis
382 1174 469 1238 vivat
488 1175 653 1258 valeatque
674 1174 831 1256 moechis,

195 1256 280 1331 Quos
302 1258 396 1321 simul
418 1258 573 1340 conplexa
593 1260 682 1321 tenet
702 1261 877 1342 trecentos,
935 1269 939 1278 '

195 1339 329 1405 Nullum
352 1362 462 1404 amans
483 1362 571 1424 vere,
595 1341 650 1404 sed
671 1341 845 1406 identidem
867 1343 1009 1406 omnium

199 1441 200 1445 ’
396 1423 457 1488 Ilia
476 1446 643 1507 rumpens:
708 1458 711 1463 ·
1017 1439 1073 1511 ‘20

194 1506 264 1571 Nec
286 1528 392 1571 meum
413 1510 584 1590 respectet,
605 1511 643 1571 ut
663 1511 753 1592 ante,
775 1530 931 1592 amorem,

195 1589 257 1664 Qui
278 1590 364 1654 illius
387 1590 481 1674 culpa
502 1591 617 1655 cecidit
637 1591 724 1655 velut
744 1593 828 1674 prati

193 1671 308 1736 Vltimi
329 1674 404 1756 fios,
426 1678 552 1756 praeter
573 1680 667 1738 eunte
687 1679 857 1759 postquam

398 1756 515 1820 Tactus
537 1760 683 1820 aratrost.

549 1943 628 2017 XII.

194 2057 374 2122 Marrucine
394 2056 504 2140 Asini,
526 2077 624 2121 manu
644 2056 774 2121 sinistra

194 2139 270 2205 Non
290 2140 374 2204 belle
395 2141 493 2204 uteris
515 2141 550 2203 in
571 2140 641 2205 ioco
664 2145 758 2224 atque
779 2141 870 2208 vinos

195 2223 295 2288 Tollis
317 2223 417 2288 lintea
437 2224 722 2309 neglegentiorum.
968 2253 972 2262 ·

53 2327 58 2335 ·
194 2306 265 2371 Hoc
288 2308 407 2371 salsum
428 2329 497 2372 esse
519 2308 635 2391 putas?
657 2307 742 2392 fugit
761 2311 808 2390 te,
830 2308 955 2392 inepte:

195 2391 345 2466 Quamvis
367 2392 496 2456 sordida
516 2413 567 2456 res
590 2394 623 2456 et
643 2391 851 2458 invenustast
1055 2405 1071 2455 t

194 2474 271 2540 Non
292 2476 394 2540 eredis
416 2475 518 2539 mihi?
546 2475 637 2539 crede
658 2474 786 2539 Polioni

194 2558 314 2640 Fratri,
336 2558 391 2640 qui
411 2561 468 2621 tua
489 2558 576 2620 furta
596 2558 648 2620 vel
667 2559 790 2622 talento

194 2641 315 2706 Mutari
334 2639 426 2704 velit:
449 2641 499 2702 est
521 2639 606 2701 enim
626 2639 772 2721 leporum

195 2724 342 2788 Disertus
363 2743 442 2805 puer
463 2740 501 2784 ac
521 2719 718 2784 facetiarum.

196 2808 298 2883 Quare
321 2810 377 2870 aut
396 2802 679 2886 hendecasyllabos
701 2806 861 2869 trecentos
1009 2818 1012 2824 ·
1042 2820 1074 2870 10

195 2891 339 2974 Expecta
359 2893 415 2955 aut
434 2887 515 2953 mihi
536 2888 671 2951 linteum
691 2885 834 2970 remitte,

87 2982 93 2992 '
197 2973 289 3050 Quod
309 2996 361 3039 me
381 2994 449 3038 non·
470 2975 577 3038 movet
599 2970 834 3053 aestimatione,

195 3058 348 3123 Verumst
368 3078 612 3140 mnemosynum
632 3055 695 3119 mei
717 3054 843 3119 sodalis.

172 3142 282 3227 ,Nam
304 3141 430 3206 sudaria
451 3140 585 3206 Saetaba
606 3162 645 3204 ex
666 3138 814 3203 Hibereis

196 3227 354 3291 Misenmt
373 3225 453 3289 mihi
474 3224 598 3289 muneri
619 3223 771 3288 Fabullus
1044 3235 1075 3285 15

197 3310 435 3376 severanus:
458 3308 537 3373 haec
558 3329 662 3373 amem
683 3310 844 3373 necessest

198 3394 244 3459 Vt
261 3395 468 3460 Veraniolum
489 3414 595 3456 meum
617 3396 649 3456 et
669 3391 847 3456 Fabullum.

518 3514 671 3524 —....--·
