2362 3998
107 201 229 268 crini]
525 202 642 259 nana.
1026 195 1068 260 47

109 362 318 446 Praecipitem
341 384 409 427 sese
431 365 633 447 scopulorum
655 385 672 427 e
693 363 810 427 vertice
831 363 921 442 iecit,

107 447 272 511 Amissum
294 446 424 511 credens
446 448 551 511 inmiti
573 447 696 511 Thesea
716 448 792 511 fato.
1019 459 1069 508 245

109 529 161 595 Sic
182 529 311 594 funesta
331 529 443 594 domus
465 531 627 615 ingressus
648 534 734 595 tecta
754 535 887 614 paterna

108 614 212 678 Morte
233 613 324 678 ferox
345 613 486 678 Theseus
508 615 635 697 qualem
655 614 791 679 Minoidi
812 615 933 679 luctum

109 697 277 764 Obtulerat
297 700 404 761 mente
426 698 594 762 inmemori
614 699 712 762 talem
733 698 804 781 ipse
824 700 952 782 recepit.

109 781 197 858 Quae
218 783 327 845 tamen
348 784 515 864 aspectans
538 780 702 845 cedentem
723 785 845 846 maesta
867 783 1007 847 carinam

108 865 303 948 Multiplices
325 865 432 928 animo
455 866 603 929 volvebat
624 866 731 929 saucia
752 886 850 930 curas.
905 880 908 886 '
1019 878 1072 927 250

109 951 155 1014 At
175 951 266 1032 parte
288 969 327 1012 ex
348 948 410 1012 alia
430 948 546 1012 florens
569 949 724 1013 volitabat
743 947 876 1014 Iacchus

109 1031 191 1098 Cum
213 1031 318 1096 thiaso
341 1031 527 1115 Satyrorum
550 1037 581 1096 et
601 1032 775 1129 Nysigenis
800 1031 928 1116 Silenis,

109 1116 155 1181 Te
177 1136 347 1200 quaerens,
370 1116 526 1198 Ariadna,
548 1119 666 1198 tuoque
688 1137 837 1182 mccnsus
859 1138 975 1182 amore.

110 1283 197 1360 Quae
223 1286 291 1347 tum
316 1283 435 1348 alacres
461 1285 581 1367 passim
606 1283 772 1432 lymphpta
795 1287 901 1348 mente
925 1285 1008 1348 fure·

738 1371 796 1432 ant

110 1451 223 1517 Euhoe
243 1450 449 1533 bacchantes,
472 1451 572 1516 euhoe
595 1453 699 1535 capita
719 1453 925 1517 inflectentes.
1021 1464 1072 1514 255

110 1535 234 1600 Harum
279 1557 329 1599 ars
352 1538 438 1599 tecta
459 1536 643 1618 quatiebant
664 1536 793 1619 cuspide
816 1535 943 1618 thyrsos
950 1585 959 1620 ,

110 1621 190 1684 Pars
212 1640 229 1684 e
251 1558 373 1683 divolso
395 1620 557 1683 iactabant
576 1619 719 1684 membra
739 1621 887 1702 iuvenco,

111 1704 190 1767 Pars
212 1724 282 1767 sese
303 1703 397 1766 tortis
420 1703 619 1786 serpentibus
641 1704 863 1787 incingebant,

111 1787 189 1852 Pars
211 1787 346 1850 obscura
368 1787 451 1850 cavis
474 1787 677 1851 celebrabant
697 1788 788 1872 orgia
810 1787 912 1870 cistis,

113 1871 225 1955 Orgia,
248 1891 330 1953 quae
351 1869 470 1933 frustra
492 1871 625 1954 cupiunt
646 1871 754 1936 audire
775 1871 915 1955 profani,
1022 1883 1076 1932 roo

111 1954 312 2039 Plangebant
334 1953 414 2017 aliae
435 1956 576 2037 proceris
597 1959 750 2038 tympana
770 1956 885 2038 palmis

111 2040 179 2103 Aut
198 2038 293 2102 tereti
313 2041 425 2102 tenues
445 2039 581 2101 tinnitus
603 2061 674 2103 aere
696 2040 837 2120 ciebant,

111 2122 224 2186 Multis
245 2122 432 2185 raucisonos
455 2122 606 2200 efflabant
627 2144 745 2186 cornua
766 2123 900 2187 bombos

111 2205 315 2288 Barbaraque
336 2204 482 2269 horribili
504 2205 659 2277 stridebat
678 2207 758 2270 tibia
780 2211 883 2271 cantu.

154 2290 285 2354 Talibus
307 2289 465 2373 amplifice
487 2291 583 2354 vestis
605 2289 751 2354 decorata
771 2291 881 2375 figuris
1023 2302 1075 2352 aas

112 2373 265 2439 Pulvinar
286 2375 442 2456 conplexa
463 2396 519 2438 suo
542 2374 668 2438 velabat
688 2376 814 2438 amictu.

114 2458 201 2533 Quae
223 2460 392 2540 postquam
414 2459 527 2542 cupide
549 2459 721 2542 spectando
744 2457 897 2523 Thessala
917 2459 1017 2541 pubes

112 2541 295 2625 Expletast,
318 2543 436 2606 sanctis
458 2543 564 2625 coepit
586 2542 735 2607 decedere
757 2543 846 2607 divis.

113 2624 190 2709 Hic,
234 2625 314 2688 ualis
336 2625 413 2688 flatu
434 2626 594 2708 placidum
616 2648 702 2690 mare
723 2629 879 2690 matutino

112 2708 166 2774 Ho
203 2709 210 2722 '
236 2729 311 2772 cans
334 2707 496 2792 Zephyrus
517 2710 674 2793 proclivas
695 2710 808 2773 incitat
828 2710 929 2773 undas
1024 2721 1076 2770 270

113 2795 239 2857 Aurora
261 2792 421 2856 exoriente
442 2793 516 2878 vagi
537 2794 596 2857 sub
618 2793 729 2857 limina
751 2791 848 2875 Solis,

113 2876 202 2951 Quae
223 2876 313 2940 tarde
334 2877 472 2959 primum
493 2876 640 2941 clementi
661 2877 788 2941 flamine
808 2877 918 2960 pulsae

114 2959 297 3024 Procedunt
318 2960 397 3044 (leni
417 2964 569 3025 resonant
589 2962 744 3045 plangore
766 2960 943 3046 cachinni),

114 3043 193 3108 Post
213 3047 308 3108 vento
331 3049 491 3108 crescente
513 3047 617 3128 magis
639 3046 740 3130 magis
763 3045 984 3109 increbescunt

114 3126 337 3212 Purpureaque
358 3129 470 3213 procul
492 3132 605 3192 nantes
627 3151 645 3192 a
667 3129 736 3193 luce
757 3128 934 3214 refulgent,
1024 3141 1074 3189 275

115 3209 168 3276 Sic
189 3212 236 3276 ibi
256 3211 405 3276 vestibuli
426 3213 605 3296 linquentes
626 3215 716 3297 regia
736 3215 821 3277 tecta

114 3295 167 3359 Ad
189 3317 224 3360 se
246 3296 377 3379 quisque
398 3317 479 3380 vago
502 3298 622 3380 passim
642 3297 723 3379 pede
744 3296 957 3361 discedebant.

115 3378 258 3455 Quorum
277 3383 353 3530 post
374 3380 494 3443 abitum
515 3381 663 3464 princeps
686 3403 702 3444 e
724 3382 840 3444 vertice
862 3380 949 3443 Pelei

114 3464 255 3530 Advenit
304 3463 398 3528 hiron
418 3467 549 3547 portans
572 3465 730 3528 silvestria
749 3463 856 3526 donax
