2362 3998
598 213 751 270 clavam
987 212 1105 285 [xxxx
1148 253 1157 272 .

252 376 320 441 Ten
341 376 505 461 provincia
526 379 634 440 narrat
654 397 722 440 esse
744 375 881 439 bellam?

252 460 370 525 Tecum
391 460 506 526 Lesbia
526 463 637 545 nostra
659 458 871 542 conparatur?
991 472 1004 509 -·

253 543 280 610 0
302 545 440 609 saeelum
462 544 622 640 insapiens
645 546 678 607 et
697 543 902 606 infacetuml

592 673 739 682 ——-.

557 755 773 829 XXXXIHI.

40 864 48 877 ⁹
185 901 189 907 ’
254 879 399 944 Ofunde
421 881 530 944 noster
552 900 608 943 seu
630 877 747 943 Sabine
768 899 824 943 seu
845 876 973 959 Tiburs,

254 963 352 1050 (Nam
373 966 406 1027 te
426 984 495 1026 esse
509 962 672 1027 Tiburtem
687 965 867 1044 autumant,
889 959 1003 1043 quibus
1018 967 1154 1031 nonest

153 1048 159 1061 ‘
253 1046 349 1112 Uordi
371 1045 531 1112 Catullum
552 1045 692 1110 laedere:
715 1048 749 1109 at
769 1044 882 1128 quibus
904 1042 1036 1126 condiet,

253 1129 371 1206 Quouis
393 1128 546 1194 Sabinum
567 1129 702 1225 pignore
723 1149 791 1192 esse
814 1125 1023 1210 contendunt)

204 1228 220 1276 u
253 1213 315 1278 Sed
336 1233 392 1277 seu
413 1211 530 1277 Sabine
552 1233 618 1276 sive
639 1211 742 1275 verius
764 1210 893 1294 Tiburs,

252 1297 312 1362 Fui
333 1296 470 1360 libenter
491 1295 526 1359 in
546 1298 602 1359 tua
623 1295 804 1359 suburbana

251 1379 339 1444 Villa
359 1380 538 1462 malamque
559 1381 687 1462 pectore
708 1378 814 1463 expuli
834 1377 964 1462 tussim,

251 1463 327 1530 Non
348 1464 518 1528 inmerenti
539 1467 633 1548 quam
657 1462 737 1526 mihi
757 1483 846 1527 meus
867 1464 992 1544 venter,

252 1547 338 1631 Dum
360 1551 560 1632 sumptuosas
582 1547 711 1630 adpeto,
733 1547 834 1630 dedit,
857 1567 959 1610 cenas.

191 1646 225 1695 ιο
253 1632 353 1716 Nam,
376 1632 538 1697 Sestianus
561 1632 636 1696 dum
657 1632 730 1696 volo
744 1652 821 1704 esse
843 1629 991 1713 conviva,

253 1717 437 1781 Orationem
459 1717 494 1780 in
514 1716 649 1780 Antium
670 1716 837 1798 petitorem

56 1777 59 1781 ἢ
139 1818 143 1823 ·
251 1801 384 1864 Plenam
405 1800 519 1865 veneni
541 1803 573 1863 et
594 1799 793 1882 pestilentiae
815 1797 889 1881 legi.
1011 1822 1016 1830 ·

251 1883 386 1947 Hieme
407 1882 538 1967 gravido
559 1882 677 1965 frigida
699 1885 732 1946 et
751 1881 899 1965 frequens
919 1879 1018 1946 tussis
1135 1894 1138 1899 ’

252 1965 422 2040 Quassavit
441 1987 540 2048 usque
563 1965 637 2029 dum
658 1966 693 2030 in
713 1969 804 2030 tuum
825 1966 930 2029 sinum
951 1965 1020 2050 fugi

191 2063 222 2111 15
250 2049 294 2112 Et
313 2070 365 2114 me
386 2050 527 2133 recusavi
549 2051 677 2134 otioque
699 2053 732 2114 et
751 2050 862 2114 uitiea.

253 2130 355 2208 Quare
376 2135 511 2199 refectus
533 2135 686 2199 maximas
706 2133 766 2198 tibi
787 2137 893 2219 grates

251 2218 340 2303 Age,
363 2240 468 2284 meum
491 2219 576 2302 quod
596 2239 663 2282 non
684 2240 717 2284 es
738 2218 807 2281 ulta
827 2219 1002 2300 peceatum.
1104 2287 1106 2293 ,

250 2301 321 2367 Nee
342 2302 495 2386 deprecor
515 2302 597 2382 iam,
620 2301 648 2365 si
668 2302 792 2365 nefaria
813 2301 932 2382 scripta

252 2385 336 2450 Sesti
356 2405 502 2468 reeeps0‚
525 2385 602 2466 quin
623 2383 821 2465 gravidinem
843 2387 876 2446 et
896 2384 1010 2448 tussim

189 2483 223 2531 20
249 2467 326 2531 Non
346 2469 407 2551 mi,
430 2466 486 2530 sed
507 2467 569 2548 ipsi
591 2465 694 2530 Sestio
716 2465 799 2529 ferat
819 2466 936 2550 friguS,
984 2476 987 2483 “

126 2612 130 2617 .
252 2548 312 2624 Qui
333 2556 401 2614 tum
422 2551 515 2614 vocat
536 2569 601 2626 me,
624 2569 696 2612 eum
717 2548 836 2612 malum
857 2550 973 2613 librum
994 2548 1068 2635 legi

592 2679 743 2688 ———

575 2761 754 2861 xxxxi.

151 2900 153 2905 '
250 2886 375 2951 Acmen
396 2886 577 2970 Septumius
599 2906 673 2949 suos
696 2882 819 2949 amores

251 2969 376 3034 Tenens
397 2971 433 3033 in
453 2969 575 3054 gremio
599 2975 703 3034 ‘mea’
725 2968 830 3051 inquit
852 2969 985 3053 Hieme,

248 3053 295 3118 Ni
315 3056 347 3117 te
362 3053 491 3137 perdite
513 3074 583 3116 amo
606 3055 699 3135 atque
722 3074 828 3116 amare
848 3073 944 3136 pomo

251 3135 369 3203 Omnes
392 3159 462 3201 sum
484 3135 612 3201 adsidue
634 3139 763 3218 paratus
785 3158 885 3202 annos

200 3234 218 3281 t
250 3220 409 3295 Quantum
431 3220 485 3305 qui
506 3223 581 3304 pote
602 3220 773 3303 plurimum
794 3221 911 3306 perire,

251 3302 344 3383 Solus
365 3304 400 3368 in
420 3304 522 3386 Libya
542 3303 673 3371 Indiave
694 3308 779 3370 tosta

250 3386 362 3453 Caesio
383 3389 509 3452 veniam
531 3389 643 3454 obvius
664 3389 772 3454 leoni?

249 3470 321 3537 Hoe
341 3475 378 3535 ut
400 3472 494 3557 dixit,
516 3474 631 3559 Amor,
654 3474 783 3539 sinistra
802 3473 840 3535 ut
861 3473 950 3556 ante,
