2362 3998
513 189 666 246 curvum
722 166 724 170 ’
887 188 1073 262 [1111111111.

474 353 705 429 LXXXVIII.

174 485 258 563 Quid
278 485 357 549 facit
377 485 420 569 is,
444 484 541 569 Gelli,
565 486 619 569 qui
642 507 714 549 oum
734 488 835 550 matre
857 488 950 569 atquc
965 505 1073 549 sorore

218 570 326 633 Prurit
347 572 379 634 11
400 569 531 633 abiectis
553 569 725 653 pervigilat
744 569 884 633 tunicis?

175 652 257 728 Quid
272 654 350 717 facit
363 654 401 736 is,
411 656 560 738 patruom
576 654 630 736 qui
644 674 711 716 non
725 654 803 717 sinit
816 675 885 718 esse
901 653 1073 716 maritum?

219 737 323 820 Ecqui
344 738 406 802 scis
428 740 581 820 quantum
603 737 754 819 suscipiat
776 738 926 801 sceleris?

143 819 331 905 tSuscipit,
354 842 373 885 o
397 819 495 903 Gelli,
518 824 672 903 quantum
693 842 760 885 non
780 822 893 885 ultima
914 821 1032 904 Tethys

218 905 287 969 Nec
308 906 437 1002 genitor
458 904 659 989 lympharum
680 905 782 968 abluit
803 905 965 970 Oceanus:
1087 930 1089 932 ’

175 987 260 1054 Nam
286 990 369 1053 mhil
403 991 453 1055 est
479 990 646 1073 quicquam
679 989 820 1137 scqlleris,
854 1010 916 1072 quo
943 989 1075 1072 prodeat

751 1077 816 1155 tra,

217 1156 294 1222 Non
316 1158 344 1222 si
365 1157 502 1221 demisso
526 1179 560 1222 se
581 1158 649 1241 ipse
671 1160 762 1221 voret
783 1157 894 1240 capite.

520 1299 671 1307 ..—--

467 1387 713 1463 LXXXVHH.

178 1508 299 1575 Gellius
322 1513 371 1574 est
390 1511 511 1575 11111111
534 1511 610 1594 quid
631 1511 688 1574 ni?
712 1510 763 1575 cui
783 1515 850 1574 tam
869 1510 955 1574 bona
975 1463 1076 1572 mater

220 1594 360 1677 Tamque
381 1595 489 1659 valens
511 1595 598 1659 vivat
618 1598 746 1679 tamque
768 1597 902 1660 venusta
924 1615 1014 1657 soror

178 1677 320 1761 Tamque
334 1679 437 1742 bonus
451 1680 582 1762 patruos
596 1683 724 1762 imque
736 1681 843 1744 omnia
852 1679 948 1761 plena
962 1678 1076 1761 puellis

221 1762 391 1858 Q⁰g¹¹all³r
414 1784 509 1845 quare
531 1762 558 1825 is
581 1762 706 1826 desinat
727 1785 795 1827 esse
816 1761 943 1825 macer?

147 1844 240 1920 oQur
261 1848 298 1908 ut
318 1845 400 1909 nihil
422 1846 568 1928 attingit,
596 1847 659 1908 nisi
681 1846 766 1927 quod
787 1846 835 1908 fas
857 1849 989 1927 tangere
1009 1865 1076 1906 non

220 2011 430 2087 Quantumvis
452 2033 547 2095 quare
570 2012 613 2075 sit
634 1932 914 2076 maceisiiivenies.

502 2225 684 2300 LXXXX.

179 2347 338 2416 Nascatur
358 2371 472 2434 magus
495 2370 533 2412 ex
556 2349 640 2413 Gelli
661 2351 833 2432 matrisque
853 2348 993 2410 nefando

223 2433 380 2517 Coniugio
402 2437 435 2498 et
457 2433 558 2496 discat
578 2433 740 2496 Persicum
762 2431 968 2513 aruspicium:

179 2517 265 2583 Nam
285 2538 398 2600 magus
421 2538 459 2578 ex
480 2519 580 2578 matre
602 2519 634 2578 et
655 2518 754 2600 gnato
769 2515 921 2598 gignatur
942 2516 1077 2597 oportet,

224 2601 259 2665 Si
279 2604 384 2664 verast
405 2598 573 2664 Persarum
594 2599 683 2682 inpia
703 2599 829 2683 relligio
834 2647 844 2681 ‚

150 2685 290 2750 oNavos
311 2686 348 2748 ut
370 2687 499 2767 accepto
521 2686 688 2747 veneretur
710 2683 847 2746 carmine
870 2681 960 2746 divos

226 2768 398 2834 Omentum
419 2769 455 2832 in
475 2768 603 2831 flamma
622 2767 742 2852 pingue
763 2765 980 2850 liquefaciens.

496 2998 690 3071 LXXXXI.

181 3119 258 3202 Non
279 3121 366 3204 ideo,
390 3121 489 3204 Gelli,
516 3121 682 3204 sperabam
703 3123 736 3184 11
757 3120 836 3184 mihi
856 3120 954 3185 fidum

183 3267 189 3276 ,
224 3203 264 3268 In
284 3206 400 3269 misero
422 3204 484 3270 hoo
505 3208 631 3288 nostro,
654 3210 714 3269 hoo
735 3204 859 3288 perdito
875 3223 980 3268 amore
1001 3201 1079 3284 fore,

185 3288 277 3366 Quod
298 3292 330 3353 te
353 3309 542 3374 cognossem
564 3290 645 3353 bene
667 3292 905 3354 constantemve
925 3288 1070 3369 putarem

225 3375 293 3439 Aut
313 3394 408 3459 posse
431 3396 450 3437 a
470 3374 557 3457 turpi
578 3377 719 3438 mentem
740 3373 883 3437 inhibere
904 3370 1038 3454 probro,

138 3467 157 3512 5
168 3456 450 3543 Sednequcquod
460 3461 594 3522 matrem
602 3480 662 3522 neo
668 3479 852 3542 germanam
861 3477 929 3521 esse
936 3454 1081 3519 videbam
