2362 3998
93 181 224 244 LXXVI]
516 177 631 234 LIBER,
1015 172 1057 236 65

93 343 190 409 Nulla
211 342 288 405 fides
310 341 377 404 ullo
398 340 461 404 fuit
481 361 632 423 umquam
654 339 781 404 foedera
801 342 906 424 tanta,

136 428 263 502 Quanta
283 425 318 488 in
340 445 446 487 amore
469 427 524 487 tuo
549 445 586 486 ex
608 424 698 506 parte
719 427 844 507 reperta
865 426 976 488 meast.

94 511 125 579 N
126 531 189 576 une
204 513 253 574 cst
266 530 357 572 mens
373 508 500 572 diducta
514 510 579 590 tua,
594 528 665 571 mea
678 507 803 590 Lesbia,
819 509 921 592 culpa,
958 513 1056 569 LXXV

135 595 243 676 Atque
264 593 310 656 iia
332 613 364 655 se
388 592 494 655 officio
516 590 654 674 perdidii
675 591 746 675 ipsa
767 613 840 675 su0‚

93 679 139 743 Vt
160 679 224 741 iam
245 697 305 740 nec
326 676 407 739 bene
428 676 510 739 velle
532 677 626 757 queat
646 675 723 759 tibi,
746 676 773 740 si
795 677 916 761 opiima
937 675 1010 758 fias,

136 761 206 826 Nec
228 761 378 825 desistere
401 781 522 842 amare,
546 759 652 822 omnia
675 760 703 824 si
726 760 832 824 facias.

491 1049 652 1122 LXXVI.

96 1182 130 1246 Si
153 1203 194 1244 ua
215 1180 394 1245 recordanti
416 1180 582 1244 benefacta
603 1180 709 1263 priora
730 1182 876 1265 voluptas

132 1203 197 1329 dist
217 1264 355 1346 homini,
380 1286 451 1328 cum
473 1285 507 1328 se
530 1265 651 1349 cogitat
672 1286 740 1328 esse
762 1265 866 1348 pium,

94 1349 164 1413 Neo
186 1351 328 1412 sanciam
351 1348 485 1412 violasse
507 1347 615 1430 fidem,
637 1369 697 1412 nec
719 1348 846 1413 foedere
867 1350 902 1413 in
922 1350 988 1413 ullo

137 1432 255 1496 Divom
276 1431 316 1494 ad
338 1431 494 1495 fallendos
515 1433 647 1496 numine
669 1432 801 1495 abusum
822 1432 967 1497 homines
974 1482 983 1517 ,

95 1516 198 1580 Multa
220 1518 331 1598 parata
351 1517 484 1578 manent
504 1515 540 1577 in
561 1515 658 1599 longa
680 1518 781 1579 aetate
787 1565 796 1599 ,
819 1516 960 1601 Catulle,
989 1528 1000 1582 j
1040 1528 1056 1578 o

137 1599 188 1662 Ex
209 1599 273 1662 hoc
292 1599 420 1682 ingrado
442 1598 558 1682 gaudia
580 1619 686 1662 amore
707 1599 776 1663 tibi.

96 1683 179 1747 Nam
202 1703 417 1765 quaecumque
438 1682 584 1747 homines
607 1683 687 1747 bene
706 1683 852 1766 cuiquam
873 1687 928 1747 aui
949 1684 993 1747 di·

701 1788 772 1831 cere
793 1771 929 1851 possunt

138 1853 205 1915 Aut
226 1851 344 1934 facere,
367 1850 446 1915 haec
468 1872 487 1914 a
507 1854 540 1915 te
562 1851 708 1934 dictaque
730 1851 875 1935 factaque
897 1854 986 1936 sunt3

96 1935 273 2017 Omniaque
295 1935 440 2018 ingratae
461 1935 625 2018 perienmi
646 1935 766 1999 crediia
786 1935 895 1999 menti.

139 2018 242 2093 Quare
264 2019 328 2080 iam
348 2021 382 2080 ie
404 2039 459 2082 cur
480 2019 616 2101 amplius
639 2019 820 2082 excrucies?
1026 2033 1058 2081 10

97 2103 182 2177 Quin
196 2104 232 2164 tu
247 2101 353 2164 animo
369 2101 509 2164 offirmas
525 2104 618 2184 atque
632 2101 729 2165 istinc
742 2105 837 2185 teque
850 2102 976 2167 reducis

138 2185 183 2248 nt
204 2184 252 2248 dis
274 2184 383 2247 invitis
406 2184 524 2248 desinis
547 2205 615 2248 esse
636 2185 755 2249 miser?

96 2269 268 2332 Difficilest
288 2268 422 2352 longum
446 2269 551 2332 subito
575 2268 733 2351 deponere
755 2292 905 2335 amorem.

139 2352 324 2435 Difficilest,
346 2373 456 2416 verum
477 2351 539 2416 hoc
561 2373 623 2435 qua
644 2353 733 2418 lubet
755 2354 882 2419 efficias.

98 2435 170 2501 Vna
191 2437 276 2501 salus
298 2435 377 2500 haec
399 2438 461 2519 esi,
483 2436 545 2500 hoc
568 2440 617 2500 esc
637 2437 697 2501 iibi
718 2438 981 2522 pervincendum:
1027 2453 1057 2502 16

139 2520 211 2584 Hoc
232 2519 345 2603 facias,
369 2520 434 2584 sive
456 2520 489 2583 id
510 2542 578 2583 non
598 2522 673 2604 poia
696 2522 761 2587 sive
782 2525 868 2606 pote.

90 2604 124 2675 ,Ο
142 2604 187 2682 di,
204 2604 231 2667 si
247 2607 418 2668 vestrumsi
431 2604 588 2688 misereri,
607 2607 662 2668 aui
676 2606 703 2668 si
718 2606 831 2688 quibus
845 2629 995 2690 umquam

139 2687 323 2751 Extremam
343 2689 408 2752 iam
429 2688 499 2771 ipsa
519 2691 622 2751 morte
643 2688 761 2752 tulistis
784 2709 892 2773 opem,

98 2771 150 2835 Me
171 2772 322 2835 miserum
344 2772 475 2856 aspicite
499 2771 558 2856 (et,
582 2772 609 2834 si
630 2772 729 2834 vitam
750 2773 872 2855 puriter
894 2774 961 2858 egi,

138 2854 196 2918 Eri
220 2855 262 2919 iie
284 2855 368 2919 hanc
389 2858 511 2939 pestem
532 2855 767 2938 perniciemque
788 2855 882 2940 mihi)
888 2906 897 2940 ,
1026 2871 1059 2919 20

97 2939 138 3003 Ei
196 2941 202 2952 ’
230 2940 237 2952 ’
261 2961 427 3023 surrepens
449 2940 531 3002 imos
552 2941 589 3003 ut
609 2942 720 3022 corpor
741 2940 776 3002 in
798 2943 884 3003 artus

138 3023 272 3106 Expulii
294 3045 333 3087 ex
354 3023 442 3087 omni
462 3027 591 3106 pectore
614 3023 761 3088 laetitias.

97 3106 173 3172 Non
195 3107 259 3170 iam
280 3107 360 3170 illud
382 3127 515 3190 quaero,
538 3111 720 3171 contremo
741 3110 777 3170 ui
798 3107 912 3193 diligat
932 3109 1003 3189 illa,

141 3191 221 3274 Aut,
244 3190 329 3274 quod
350 3211 416 3254 non
438 3191 596 3273 poiisesi,
619 3212 687 3254 esse
709 3190 825 3276 pudiea
846 3193 939 3257 veh‘i:

97 3274 171 3358 Ipse
183 3276 287 3340 valere
303 3279 378 3357 opto
393 3278 425 3338 et
438 3277 574 3337 iaeirum
589 3274 674 3338 hunc
686 3274 842 3359 deponere
853 3277 1009 3341 morbum.
1025 3289 1057 3339 25

10 3380 12 3385 ·
141 3358 168 3424 0
191 3359 238 3442 di,
260 3359 382 3425 reddite
404 3359 448 3422 mi
470 3357 532 3421 hoe
552 3379 611 3441 pro
632 3359 749 3442 pieieie
771 3381 850 3425 mea

502 3516 657 3525 -—--...-

149 3547 275 3589 onrvnnvs.
925 3539 952 3586 S
