2356 3826
62 220 212 289 cxxxiii]
465 217 582 272 aman.
706 259 710 264 .

135 381 266 444 Amicos
287 380 487 462 'medicosque
510 380 698 444 convocater
729 444 732 449 ,

135 464 211 529 Non
233 468 282 527 est
303 485 382 528 sana
402 464 516 547 puella.
545 483 606 543 nec
626 463 753 548 rogate,

136 547 245 622 Qualis
269 549 325 612 sit:
348 547 431 611 solet
453 567 521 641 esse
543 547 731 631 imaginosa.

439 759 619 832 XXXXH.

137 884 272 966 Adeste,
294 871 567 964 hendecasyllabi,
590 883 668 964 quot
689 880 765 944 estis

138 967 257 1031 Omnes
278 965 431 1049 undique,
455 966 611 1048 quotquot
632 965 708 1028 estis
731 984 850 1029 omnes.

136 1050 247 1115 Iocum
268 1071 319 1114 me
341 1051 433 1132 putat
454 1069 523 1113 esse
544 1047 677 1113 moecha
697 1047 800 1131 turpis

135 1134 180 1199 Et
201 1136 299 1218 negat
319 1132 398 1196 mihi
419 1134 530 1196 nostra
549 1131 743 1196 reddituram

135 1217 324 1302 Pugillaria,
348 1217 375 1280 si
396 1217 464 1299 pati
484 1216 627 1299 potestis
751 1216 756 1224 ’

135 1300 365 1384 Persequamur
386 1321 470 1382 eam,
492 1303 525 1363 et
545 1299 770 1384 reflagitemus.

137 1385 223 1460 Quae
246 1386 302 1467 sit,
325 1383 485 1467 quaeritis.
513 1384 583 1465 illa,
607 1404 700 1467 quam
722 1383 837 1448 videtis

137 1467 242 1551 Turpe
263 1467 425 1549 incedere,
447 1468 573 1530 mimice
596 1489 633 1531 ac
653 1468 787 1531 moleste
887 1473 889 1478 ’

137 1551 306 1615 Ridentem
329 1551 425 1613 catuli
447 1571 500 1613 ore
522 1549 689 1614 Gallicani.

136 1632 376 1699 Circumsistite.
389 1654 474 1715 eam,
497 1636 529 1696 et
549 1633 625 1696 refla
648 1635 739 1716 itate,

139 1718 290 1782 ‘Moecha
310 1716 435 1801 putida,
457 1716 553 1780 redde
576 1737 613 1780 oo
636 1717 754 1799 ioillos,

137 1801 262 1885 Redde,
284 1801 395 1884 putida
415 1799 566 1884 moecha,
590 1801 774 1865 codicillos!

135 1885 212 1951 Non
234 1887 312 1950 assis
333 1884 436 1949 facis?
459 1906 478 1948 o
500 1886 617 1969 lutum,
640 1886 788 1968 lupanar,

136 1969 205 2032 Aut
225 1970 254 2033 si
274 1969 427 2052 perditius
449 1971 556 2052 potest
577 1969 652 2053 quid
674 1989 752 2032 esse.

137 2051 200 2116 Sed
220 2073 287 2115 non
309 2055 484 2116 esttamen
504 2052 567 2116 hoo
589 2053 665 2116 satis
687 2051 873 2135 putandum.
935 2066 940 2073 ·

138 2135 230 2210 Quod
252 2136 367 2199 sinon
388 2135 473 2199 aliud
494 2139 617 2218 potest,
639 2136 787 2199 ruborem

137 2219 253 2283 Ferreo
276 2221 364 2283 oanis
387 2219 598 2302 exprimamus
621 2239 684 2283 ore.

139 2302 343 2368 Conclamate
364 2304 479 2367 iterum
501 2303 712 2367 altiorevoce

138 2387 290 2452 ‘Moecha
311 2386 434 2469 putida,
456 2385 552 2450 redde
575 2386 753 2469 codicillos,

137 2471 262 2553 Redde,
282 2471 392 2554 putida
412 2468 561 2552 moecha,
583 2470 769 2535 codicillos!

139 2555 200 2619 Sed
220 2556 267 2618 nil
288 2554 486 2637 proficimus,
508 2552 590 2616 nihil
610 2557 764 2618 movetur.

112 2714 114 2718 Ι
138 2637 322 2702 Mutandast
342 2638 422 2701 ratio
444 2634 620 2720 modusque
641 2639 747 2720 vebia,

139 2720 249 2804 Siquid
270 2720 421 2803 proficere
443 2720 579 2803 amplius
600 2722 749 2804 potestis,

139 2803 274 2868 ‘Pudice
296 2806 328 2868 et
347 2804 462 2888 proba,
484 2804 580 2868 redde
595 2804 792 2869 codicillos!

459 2933 611 2942 *—

429 3017 629 3091 XXXXHI.

139 3140 247 3223 Salve,
268 3159 328 3202 neo
348 3140 479 3203 minimo
500 3140 608 3223 puella
628 3160 706 3203 naso

138 3224 206 3290 Nec
228 3223 312 3287 bello
334 3222 414 3305 pede
436 3244 494 3288 neo
516 3224 618 3308 nigris
641 3224 750 3287 ocellis

138 3308 206 3372 Nec
227 3307 334 3391 longis
357 3306 465 3403 digitis
486 3329 545 3371 nec
567 3328 622 3371 ore
645 3308 728 3371 sicco
782 3306 785 3312 ‘

67 3420 69 3425 ·
138 3391 207 3455 Nec
228 3413 304 3455 sane
326 3391 422 3454 nim1s
445 3391 589 3473 elegante
611 3390 738 3475 lingua,

138 3473 322 3540 Decoctoris
345 3476 447 3538 amica
468 3473 643 3538 Formiani.
