2356 3826
114 1490 119 1499 .
235 1435 310 1518 Ille,
333 1437 361 1499 si

522 195 638 250 menn
895 166 901 177 '
1024 183 1065 250 25

233 355 279 420 Vt
298 359 404 422 tecum
425 356 456 420 lo
479 377 583 440 uerer‚
607 355 762 439 simulque
783 355 820 418 ut
841 373 951 418 essen
972 418 974 422 .

196 478 199 482 ι
232 443 278 504 At
300 441 423 505 defessa
443 440 476 504 la
498 461 552 504 ore
573 440 715 504 membra
735 442 904 523 postquam
1052 499 1058 513 ,

233 524 445 588 Semimortue
466 524 583 588 lentulo
605 523 764 606 iacebant,
1035 529 1066 581 15
1125 568 1129 573 .

232 607 319 691 Hoe,
341 607 492 689 iocunde,
514 607 574 670 tibi
594 628 710 690 poema
730 605 807 688 feei,

233 691 283 754 Ex
305 711 367 775 quo
412 691 583 775 erepieeres
605 713 711 755 meum
732 689 883 754 dolorem.

232 774 327 839 Nune
349 714 451 838 audax
472 796 547 839 eave
569 774 627 857 sie,
649 795 820 858 precesque
841 773 981 852 nostrus,

236 857 386 941 Oramus,
410 880 484 923 eave
507 858 655 954 despuas,
678 857 792 938 ocelle,

234 940 284 1006 Ne
303 962 425 1024 poenas
446 941 592 1006 Nemesis
613 943 760 1024 reposcat
781 962 800 1005 a
820 942 861 1003 te.
1033 949 1067 998 20

234 1023 295 1088 Est
315 1046 443 1089 vemens
466 1025 539 1089 dee:
560 1024 684 1089 laedere
706 1025 789 1088 hanc
810 1026 929 1087 caveto.

513 1155 664 1164 ——n

553 1238 612 1317 LI.

233 1351 293 1417 Ille
314 1353 359 1416 mi
379 1373 438 1498 {ar
460 1373 528 1416 esse
550 1351 609 1416 deo
632 1352 771 1449 videtur,

396 1457 431 1499 es
454 1438 515 1518 est,
538 1457 685 1519 superare
708 1435 813 1518 dlvos,

236 1518 298 1593 Qui
320 1518 431 1583 sedens
454 1519 602 1583 adversus
624 1518 797 1583 identidem
818 1521 850 1581 te

333 1601 462 1685 Spectet
483 1605 516 1665 et
537 1602 625 1667 audit

236 1684 338 1750 Dulee
358 1685 530 1769 ridentem,
552 1685 667 1749 misero
690 1684 774 1769 quod
796 1683 901 1748 omnis

235 1768 343 1916 Erigit
364 1791 474 1833 sensus
496 1762 590 1833 mihi:
612 1791 687 1833 nam
708 1767 803 1833 simul
824 1770 871 1849 te,

235 1852 296 1918 Les
319 1853 366 1936 ia,
389 1854 513 1936 aspexi,
534 1852 617 1916 nihil
638 1856 687 1917 est
708 1872 802 1936 super
823 1852 867 1914 mi
957 1862 961 1902 ῑ

236 2020 361 2105 lingua
382 2020 437 2084 sed
458 2024 581 2105 torpet,
603 2021 708 2086 tenuis
730 2018 789 2084 sul)
811 2021 897 2082 artus

236 2103 381 2168 Flamma
403 2104 563 2186 demanet,
587 2105 693 2168 sonitu
715 2105 828 2186 suopte
1038 2114 1071 2163 ιο

238 2186 407 2252 Tintinant
427 2208 517 2251 aures
539 2188 696 2272 geminae,
717 2189 869 2270 teguntur

334 2270 471 2334 Lumine
490 2273 592 2335 nocte.

549 2475 628 2550 LIb.

240 2589 363 2674 Otium,
386 2582 525 2674 Catulle}
547 2591 607 2654 tibi
628 2591 841 2654 molestumst:

240 2673 314 2739 Otio
337 2674 460 2738 exultas
480 2675 676 2756 nimiumque
720 2673 806 2736 estis.

241 2757 349 2822 Otium
371 2760 403 2822 et
422 2779 515 2843 reges
535 2758 623 2904 {rius
645 2759 678 2819 et
697 2695 805 2819 leatus
844 2810 849 2820 .
1040 2767 1071 2815 15

336 2841 478 2905 Perdidit
498 2862 536 2904 ur
559 2861 602 2904 es.
636 2846 642 2858 ‘

518 2971 669 2980 *—

553 2991 631 3120 nn

241 3161 324 3237 Quid
346 3164 409 3244 est,
433 3161 578 3226 Catille?
602 3161 676 3244 quid
697 3160 830 3224 moreris
852 3161 973 3225 emori?

242 3245 326 3311 Sella
347 3245 381 3308 in
403 3245 503 3308 curuli
525 3248 644 3308 struma
664 3243 788 3308 Nonius
811 3244 913 3328 sedet,

241 3329 302 3393 Per
324 3328 522 3393 consulatum
543 3329 664 3411 peierat
684 3326 849 3394 Vatinius:

242 3412 325 3488 Quid
347 3415 409 3496 eet,
433 3411 578 3477 Catulle?
601 3412 676 3495 quid
697 3412 830 3476 moreris
854 3410 973 3475 emori?

518 3542 668 3551 ..-—-.-
