2362 3998
106 219 229 292 1111111]
480 272 482 276 ,
527 216 642 274 trusa.
910 185 913 190 ’
1028 211 1070 275 45

107 381 161 448 Sic
181 380 278 445 nimis
299 379 457 444 insultans
480 382 620 444 extremo
642 383 784 464 tempore
806 401 898 445 saeva

106 466 187 532 Fors
209 465 305 528 etiam
326 464 445 528 nostris
466 463 582 528 invidit
603 465 764 547 questibus
788 486 889 528 aures.
1022 474 1072 524 170

107 549 251 635 Iuppiter
272 548 489 631 omnipotens,
512 548 634 612 utinam
656 570 697 612 ne
718 551 861 631 tempore
883 547 985 631 primo

109 633 231 700 Gnosia
253 630 424 715 Cecropiae
446 631 630 716 tetigissent
650 633 745 696 litora
766 654 903 716 puppes,

107 716 269 783 Indomito
291 737 351 780 nec
373 716 441 779 dira
462 716 567 780 ferens
590 716 750 799 stipendia
771 719 863 779 tauro

108 800 251 867 Perfidus
273 799 308 863 in
330 798 426 865 Creta
445 800 613 884 religasset
632 801 742 864 navita
762 800 884 883 funem,

107 884 178 950 Nec
199 883 301 946 malus
322 883 376 946 hic
398 883 503 946 celans
526 883 611 946 dulci
633 883 772 946 crudelia
792 884 896 947 forma
1023 895 1070 944 175

109 967 254 1034 Consilia
275 966 310 1029 in
330 966 448 1030 nostris
470 967 646 1048 requiesset
667 966 793 1030 sedibus
813 965 944 1050 hospes!

108 1052 196 1118 Nam
217 1070 280 1134 quo
301 1071 353 1113 me
374 1050 532 1114 referam?
556 1051 643 1133 quali
665 1072 721 1134 spe
742 1050 866 1134 perdita
887 1049 994 1114 nitar?

109 1135 341 1201 Idomeneosne
361 1137 470 1216 petam
490 1134 637 1199 montes?
661 1157 696 1218 a,
717 1136 845 1219 gurgite
867 1134 931 1198 lato

109 1219 303 1285 Discemens
325 1218 417 1300 ponti
437 1218 652 1282 truculentum
672 1219 728 1282 ubi
743 1218 855 1283 dividit
869 1217 1008 1301 aequor?

109 1305 165 1369 An
185 1302 285 1386 patris
300 1301 451 1364 auxilium
466 1302 610 1385 sperem?
634 1324 768 1386 quemne
787 1303 859 1385 ipsa
871 1301 1000 1385 reliqui,
1024 1313 1073 1362 180

110 1387 304 1469 Respersum
325 1386 471 1449 iuvenem
492 1386 633 1450 fraterna
655 1387 749 1451 caede
771 1386 901 1450 secuta?

111 1469 268 1554 Coniugis
290 1490 332 1532 an
353 1468 417 1532 fido
440 1470 586 1533 consoler
607 1475 725 1534 memet
746 1491 870 1553 amore,

112 1554 216 1631 Quinc
236 1553 322 1637 fugit
342 1552 447 1616 lentos
468 1554 637 1617 incurvans
659 1555 787 1637 gurgite
808 1553 934 1617 remos?

111 1639 280 1702 Praeterea
301 1637 389 1700 nullo
412 1636 502 1720 litus,
526 1637 595 1700 sola
615 1637 734 1719 insula,
756 1640 856 1720 tecto,

112 1721 182 1786 Nec
202 1722 293 1804 patet
314 1741 458 1804 egressus
479 1720 586 1805 pelagi
608 1720 809 1805 cingentibus
829 1721 938 1784 undis:
1026 1730 1074 1781 181

112 1805 211 1870 Nulla
231 1804 326 1889 fugae
347 1804 445 1886 ratio,
467 1806 556 1868 nulla
577 1826 663 1887 spes:
687 1806 794 1869 omnia
814 1808 916 1885 muta,

114 1888 231 1954 Omnia
252 1889 327 1951 sunt
348 1888 485 1968 deserta,
508 1891 670 1952 ostentant
692 1889 798 1953 omnia
818 1888 925 1952 letum.

112 1972 191 2038 Non
211 1974 318 2035 tamen
339 1972 413 2035 ante
433 1971 513 2034 mihi
534 1973 742 2056 languescent
762 1973 884 2036 lumina
904 1974 1022 2053 morte,

113 2055 184 2122 Neo
204 2055 291 2139 prius
314 2076 333 2118 a
354 2055 438 2118 fesso
461 2056 608 2119 secedent
629 2077 761 2139 corpore
782 2077 908 2137 sensus,

114 2140 218 2215 Quam
238 2139 356 2203 iustam
377 2160 396 2201 a
417 2137 497 2202 divis
520 2158 688 2221 exposcam
708 2139 835 2222 prodita
855 2139 1003 2221 multam,
1027 2149 1076 2200 100

115 2223 359 2304 Caelestumque
380 2221 476 2286 fidem
495 2227 656 2306 postrema
678 2244 848 2305 conprecer
868 2221 956 2286 hora.

115 2307 219 2382 Quare
241 2306 327 2369 facta
346 2305 449 2370 virum
470 2307 642 2371 multantes
663 2306 789 2370 vindice
810 2327 928 2388 poena,

114 2389 323 2472 Eumenides,
346 2390 459 2473 quibus
481 2392 622 2476 anguino
643 2391 790 2454 redimita
811 2390 927 2472 capillo

114 2472 218 2540 Frons
240 2474 412 2557 expirantis
434 2477 617 2558 praeportat
637 2475 776 2558 pectoris
797 2474 875 2556 iras,

114 2557 188 2623 Huc
210 2556 273 2621 huc
295 2557 476 2641 adventate,
498 2580 585 2622 meas
607 2558 712 2623 audite
735 2558 904 2642 querellas,
1028 2569 1076 2618 195

115 2640 203 2716 Quas
227 2661 289 2738 ego
309 2642 381 2704 vae!
405 2642 520 2706 misera
542 2643 689 2706 extremis
710 2643 852 2725 proferre
873 2640 1020 2705 medullis

116 2723 225 2809 Cogor
246 2744 355 2807 mops,
378 2725 504 2807 ardens,
530 2725 650 2789 amenti
672 2746 765 2790 caeca
785 2726 901 2788 furore.

115 2807 205 2884 Quae
227 2809 378 2891 quoniam
400 2831 491 2873 verae
512 2810 688 2873 nascuntur
707 2811 836 2891 pectore
858 2809 898 2870 ab
920 2808 1000 2890 imo,

115 2891 185 2956 Vos
206 2892 307 2956 nolite
328 2892 396 2975 pati
417 2895 562 2956 nostrum
584 2912 753 2957 vanescere
774 2893 910 2972 luctum,

117 2973 180 3040 Sed
202 2975 290 3059 quali
311 2977 412 3040 solam
433 2976 574 3040 Theseus
595 2998 647 3040 me
667 2978 774 3040 mente
794 2975 937 3058 reliquit,
1028 2986 1080 3036 200

116 3059 187 3123 Tuli
209 3062 332 3141 mente,
355 3060 445 3142 deae,
468 3060 610 3124 funestet
631 3081 726 3142 seque
748 3066 905 3142 suosque?

157 3142 226 3208 Has
248 3145 416 3240 postquam
438 3147 559 3207 maesto
581 3144 723 3228 profudit
743 3145 871 3227 pectore
893 3164 1002 3225 voces,

117 3225 317 3311 Suppliorum
339 3227 441 3290 saevis
465 3248 638 3310 exposcens
660 3229 754 3292 anxia
775 3227 882 3310 factiS,

116 3311 242 3375 Adnuit
262 3310 381 3374 invicto
405 3310 576 3374 caelestum
596 3312 726 3376 numine
747 3315 865 3394 rector,

118 3394 189 3472 Quo
210 3397 300 3460 motu
322 3393 416 3457 tellus
439 3395 533 3475 atque
554 3391 683 3456 horrida
704 3397 962 3460 contremuerimt
1031 3404 1081 3454 101

119 3482 268 3563 Aequora
289 3476 512 3561 concussitque
533 3476 685 3540 micantia
706 3478 810 3543 sidera
828 3479 982 3542 mundus.
