2362 3998
511 203 665 260 0111111
1021 207 1067 279 [11.

144 411 148 419 .
190 363 269 427 Tam
290 367 448 450 gratumst
469 366 549 430 1111111
570 389 665 451 quam
685 368 794 432 ferunt
812 367 938 453 puellae

189 446 314 512 Pernici
336 450 498 513 aureolum
519 451 617 516 fuisse
639 451 773 535 malum,

190 530 282 607 Quod
303 553 416 596 zonam
438 534 536 598 soluit
557 535 611 599 diu
632 537 774 620 ligatam.

515 686 664 697 ——h—

555 779 618 852 ΠΙ.

189 907 326 994 Lugete,
347 931 366 974 0
387 907 528 974 Veneres
551 909 799 995 Cupidinesque,

190 992 235 1057 nt
255 996 440 1077 quantumst
461 993 626 1058 hominum
648 996 874 1063 venustiorurn.

190 1076 307 1152 Passer
324 1079 466 1141 mortuus
489 1079 539 1140 est
558 1098 647 1142 meae
668 1080 808 1162 puellae,

191 1159 319 1244 Passer,
342 1160 472 1225 deliciae
493 1182 582 1224 meae
603 1162 744 1244 puellae,

191 1243 291 1318 Quem
312 1244 384 1326 plus
405 1245 462 1308 illa
483 1245 583 1308 oculis
606 1245 671 1310 suis
694 1246 836 1311 amabat:

190 1326 275 1392 Nam
295 1328 434 1392 mellitus
457 1331 525 1392 erat
546 1350 696 1412 suamque
718 1333 813 1393 norat
927 1351 936 1369 ·

190 1409 207 1474 I
230 1433 265 1475 sa
285 1415 353 1475 tam
373 1411 454 1475 bene
476 1433 571 1495 quam
591 1414 698 1495 puella
719 1417 857 1481 matrem

224 1516 260 1559 ec
282 1517 351 1560 sese
372 1517 391 1558 a
411 1496 533 1580 gremio
555 1496 640 1561 illius
662 1498 828 1581 movebat,

192 1578 254 1642 Sed
276 1580 503 1644 circumsiliens
525 1581 620 1645 modo
642 1581 704 1646 huc
725 1582 820 1646 modo
844 1583 921 1648 illuc

109 1674 142 1724 10
189 1663 242 1726 Ad
264 1663 365 1728 sclam
387 1664 549 1728 dominam
569 1687 670 1748 usque
690 1667 843 1749 pipiabat.

192 1746 254 1821 Qui
275 1768 361 1811 nunc
382 1748 408 1810 it
429 1769 486 1830 per
507 1749 568 1811 iter
588 1750 823 1813 tenebricosum

191 1828 286 1913 Illuc,
308 1830 392 1894 unde
407 1833 544 1913 negant,
555 1830 658 1894 redire
669 1852 879 1914 ¹quemquam.

192 1914 238 1975 At
258 1913 348 1977 vobis
369 1913 451 1975 male
474 1914 530 1996 sit,
552 1913 655 1978 malae
678 1915 828 1978 tenebrae

193 1995 282 2079 Orci,
305 2017 385 2079 quae
407 1997 513 2059 omnia
533 1997 620 2060 bella
640 1997 812 2063 devoratis:

186 2080 270 2144 ¹'I'am
291 2079 410 2143 bellum
430 2079 510 2143 mihi
530 2102 690 2164 passerem
712 2081 900 2158 abstulistis.

192 2163 219 2228 0
241 2164 362 2228 factum
381 2163 479 2228 male!
502 2164 534 2228 10
555 2165 678 2229 miselle
699 2169 821 2250 passer!

192 2246 261 2311 Tua
281 2269 366 2328 nune
388 2269 485 2332 opera
505 2270 593 2313 meae
614 2250 739 2332 puellae

194 2329 313 2399 Flendo
334 2332 487 2416 turgiduli
507 2334 624 2396 rubent
646 2335 749 2397 ocelli.

515 2485 666 2495 ——-

543 2577 625 2651 ΠΠ.

192 2706 346 2771 Phaselus
367 2707 436 2791 ille,
459 2728 564 2790 quem.
574 2708 702 2792 videtis,
724 2707 883 2795 hospites,

192 2791 249 2854 Ait
270 2791 368 2856 fuisse
388 2792 517 2856 navium
539 2792 737 2874 celerrimus,
811 2846 815 2853 .

192 2874 304 2958 Neque
325 2875 421 2940 ullius
442 2876 584 2941 natantis
605 2876 760 2961 impetum
781 2877 882 2941 trabis

192 2958 349 3041 Nequisse
370 2960 578 3042 praeterire,
601 2960 667 3024 sive
688 2960 839 3043 palmulis

123 3055 139 3104 ὁ
193 3041 281 3125 Opus
303 3043 387 3107 foret
407 3044 514 3107 volare
535 3043 601 3107 sive
622 3043 731 3109 linteo.
844 3110 847 3115 ,

192 3124 237 3188 Et
257 3124 319 3189 1100
339 3127 592 3210 negat'minacis
614 3127 770 3191 Adriatici

193 3207 320 3293 Negare
342 3210 418 3274 litus
440 3210 598 3275 insulasve
620 3210 775 3294 Cycladas

193 3291 342 3357 Rhodum
364 3315 403 3358 ue
424 3293 566 3358 nobilem
587 3294 810 3380 horridamque
832 3294 1000 3360 Thraciam

193 3315 390 3461 Propontida
409 3379 570 3455 trucemve
591 3378 761 3444 Ponticum
784 3380 904 3461 sinum,

110 3471 142 3519 10
191 3457 256 3525 Vbi
278 3461 337 3526 iste
358 3464 433 3546 post
453 3461 603 3547 phaselus
625 3462 801 3553 0111001011
