2356 3826
104 207 239 280 1111111]
524 209 639 266 nana

105 369 222 434 Omnia
242 374 348 434 tecum
369 392 433 434 una
454 371 616 454 perienmt
636 370 753 456 gaudia
773 374 898 457 nostra,

148 451 235 527 Quae
256 457 328 518 tuos
350 455 385 517 in
406 454 472 518 vita
493 454 594 519 dulcis
617 455 723 519 alebat
744 477 840 521 amor.

106 535 202 602 Cuius
225 558 286 622 ego
308 538 439 601 interitu
459 541 528 601 tota
550 538 588 602 de
608 541 715 603 mente
736 539 845 624 fugavi
1032 551 1065 600 25

147 619 236 685 Haec
258 620 364 685 studia
385 625 478 705 atque
500 623 604 686 omnis
626 623 755 687 delicias
777 624 885 688 animi.

106 702 225 786 Quare,
249 704 334 787 quod
356 706 467 769 scribis
489 704 636 770 Veronae
657 709 750 790 turpe
772 705 899 771 Catullo

147 786 244 872 Essa,
267 787 352 871 quod
373 788 426 852 hie
448 789 550 872 quivis
572 790 611 854 de
633 791 764 854 meliora
785 794 863 855 nota

104 869 235 1018 Frffiida
257 872 381 937 deserto
402 872 574 956 tepefactet
594 874 737 938 membra
759 874 871 958 cubili,

190 1003 199 1038 l

221 955 324 1038 Mani,
346 977 413 1020 non
435 959 483 1020 est
503 959 610 1040 turpe,
632 980 665 1021 m
711 958 736 1021 ‘s
757 957 947 1022 miserumst.
1032 969 1066 1020 ao

105 1037 259 1122 Ignoscas
280 1039 394 1124 igitur,
416 1039 459 1122 si,
482 1061 561 1122 quae
583 1039 663 1104 mihi
697 1043 788 1105 nctus
810 1041 942 1124 ademit,

148 1121 237 1187 Haec
257 1122 318 1186 tibi
338 1144 405 1187 non
426 1124 532 1188 tribuo
554 1146 702 1209 munera,
725 1146 797 1188 enm
817 1146 951 1208 nequeo.

105 1203 138 1269 N
140 1227 200 1288 am,
212 1206 296 1289 quod
311 1207 501 1290 scriptorum
515 1229 583 1272 non
596 1211 744 1293 magnast
754 1209 846 1293 copia
856 1209 940 1292 apud
949 1231 1010 1292 me,

148 1287 219 1354 Hoc
241 1291 294 1374 fit,
317 1291 401 1373 quod
422 1290 542 1356 Romae
563 1293 713 1356 vivimus:
735 1293 791 1356 illa
812 1293 940 1377 domus,

107 1371 168 1436 Illa
188 1373 267 1436 mihi
289 1374 395 1458 sedes,
417 1375 484 1439 illic
505 1396 576 1439 mea
597 1377 738 1460 carpitur
758 1378 859 1441 aetas:
1032 1388 1065 1437 35

148 1454 221 1521 Huc
242 1479 306 1522 nna
327 1479 366 1522 ex
386 1459 495 1522 multis
518 1461 647 1543 capsula
667 1482 719 1524 me
741 1461 891 1544 seqnitur.

107 1539 200 1615 Quod
222 1562 293 1606 cum
315 1542 360 1605 ita
382 1542 437 1626 sit,
466 1543 567 1606 nolim
589 1545 708 1608 statuas
729 1565 789 1607 nos
811 1546 917 1608 mente
939 1565 1004 1607 ma·

712 1627 736 1691 li
783 1648 803 1690 a

149 1707 187 1771 Id
208 1709 312 1774 facere
334 1712 390 1774 aut
411 1709 517 1774 animo
538 1711 705 1776 nonsatis
727 1649 883 1795 ibgenuo,

107 1790 200 1866 Quod
221 1792 281 1859 tibi
301 1815 369 1858 non
391 1794 555 1876 utriusque
576 1795 699 1878 petenti
720 1796 812 1879 copia
833 1795 961 1860 factast:

150 1875 242 1940 Vltro
265 1898 325 1961 ego
347 1877 517 1962 deferrem,
540 1878 632 1962 copia
653 1878 744 1962 siqua
764 1879 856 1943 foret.
1033 1890 1067 1940 40

107 1957 184 2023 Non
204 1980 334 2043 possum
354 1962 501 2044 relicere,
524 1961 614 2046 deae,
637 1984 700 2046 qua
722 1985 773 2028 me
787 1963 893 2027 Allius
915 1963 950 2026 in
970 1983 1004 2026 re

150 2041 271 2106 Iuvarit
291 2047 346 2107 aut
367 2045 492 2127 quantis
514 2046 629 2109 iuverit
650 2047 780 2112 officiis:

107 2125 178 2191 Nee
198 2124 325 2208 fugiens
347 2127 459 2191 saeclis
482 2128 742 2193 obliviscentibus
764 2133 850 2195 aetas

150 2207 241 2272 Illius
262 2208 324 2274 hoc
346 2231 438 2276 caeca
458 2216 552 2274 nocte
573 2214 663 2296 tegat
684 2212 838 2278 studium:

108 2291 172 2358 Sed
194 2292 297 2357 dicam
318 2294 424 2378 vobis,
445 2315 503 2358 vos
524 2316 620 2377 porro
642 2296 737 2360 dicite
759 2298 867 2362 multis
1033 2311 1068 2360 45

150 2376 280 2442 Milibus
302 2379 335 2442 et
355 2378 451 2443 facite
472 2377 551 2443 haec
572 2379 683 2444 charta
704 2381 851 2463 loquatur
872 2403 951 2446 anus

150 2544 365 2629 Notescatque
386 2547 489 2632 magis
511 2552 654 2613 mortuos
675 2553 770 2633 atque
790 2550 909 2635 magis,

108 2628 178 2694 Nec
197 2630 326 2694 tenuem
346 2632 457 2695 texens
478 2632 621 2696 sublimis
644 2654 758 2697 aranea
778 2635 876 2699 telam

150 2711 191 2775 In
210 2712 335 2778 deserto
356 2714 425 2778 Alli
445 2716 575 2781 nomine
598 2738 617 2781 0
640 2738 677 2780 us
699 2717 804 2781 faciat.
1034 2729 1069 2780 50

107 2796 207 2878 Nam,
221 2795 301 2861 mihi
316 2818 410 2880 quam
425 2797 546 2863 dederit
560 2739 676 2883 duplex
689 2800 878 2865 Amathusia
893 2822 1016 2885 curam,

151 2879 262 2963 Scitis,
285 2885 318 2945 et
338 2882 373 2944 in
416 2903 456 2945 uo
479 2905 530 2947 me
552 2883 707 2947 corruerit
727 2905 859 2968 genere,

108 2963 189 3030 eum
210 2966 336 3028 tantum
357 2903 499 3030 arderem
521 2971 674 3050 quantum
695 2967 858 3032 (lbinacria
878 2990 973 3052 rupes

150 3046 359 3131 Lymphaque
379 3050 414 3112 in
437 3048 562 3116 Oetaeis
585 3051 684 3115 Malia
704 3050 863 3136 Thermop
886 3052 942 3136 lis,

108 3131 230 3195 Maesta
250 3151 354 3213 neque
376 3132 508 3198 adsiduo
529 3135 689 3199 tabescere
711 3134 832 3200 lumina
876 3139 930 3200 etu
1035 3147 1069 3197 55

151 3215 322 3282 Cessarent
341 3216 487 3298 tristique
508 3217 609 3283 imbre
629 3219 756 3282 madere
777 3241 887 3304 genae.

108 3298 217 3374 Qualis
238 3299 273 3362 in
295 3299 372 3363 aerii
392 3300 559 3382 perlucens
580 3303 698 3366 vertice
719 3304 838 3368 montis

150 3381 248 3447 Rivos
269 3403 417 3448 muscoso
438 3385 565 3466 prosilit
586 3407 603 3449 e
624 3386 758 3469 lapide,

108 3465 171 3540 Qui
193 3487 264 3531 cum
286 3467 325 3533 da
346 3489 449 3552 prona
469 3489 619 3554 praeceps
643 3473 691 3533 est
711 3470 796 3535 ralla
814 3470 967 3546 solutas,
