2356 3826
82 209 206 279 0300]
510 210 625 265 urana.

84 370 175 446 Quae
196 371 284 453 prius
306 368 342 433 in
363 370 426 434 levi
446 369 573 434 fuerant
595 372 735 435 extantia
755 371 824 435 filo:

84 454 172 518 Ante
193 454 290 537 pedes
312 456 416 518 autem
439 453 602 518 candentis
623 455 733 519 mollia
754 456 846 519 lanae

84 537 214 601 Vellera
234 537 351 621 virgati
373 537 575 601 custodibant
597 538 768 602 calathisci.

84 620 175 684 Haec
195 623 266 683 tum
288 621 444 684 clarisona
465 624 626 704 pectentes
648 622 765 686 vellera
786 643 863 686 voce
995 635 1047 684 330
1147 628 1149 631 ’

85 703 177 767 Talia
198 703 305 767 divino
327 704 476 767 fuderunt
498 705 636 768 carmine
658 704 737 788 fata,

85 786 249 869 Carmine,
270 787 419 870 perfidiae
442 788 527 870 quod
547 790 621 871 post
641 789 729 852 nulla
749 793 862 873 arguet
882 791 977 854 aetas.

86 904 114 969 0
138 903 232 969 decus
256 903 404 967 eximium
426 905 552 986 magnis
573 904 743 968 virtutibus
765 926 898 989 augens,

85 987 252 1051 Emathiae
273 990 417 1050 tutamen
438 987 523 1069 opis,
547 987 717 1052 clarissime
739 991 830 1070 nato,
1031 1047 1034 1051 .

88 1071 164 1135 Acci
188 1092 220 1153 e,
243 1071 328 1153 quod
349 1070 432 1134 laeta
451 1070 511 1133 tibi
531 1070 676 1154 pandunt
697 1072 766 1136 luce
788 1093 926 1155 sorores,
995 1085 1044 1135 330

85 1093 268 1218 Veridicum
284 1155 432 1218 oraclum.
463 1153 518 1217 sed
533 1176 603 1238 vos,
619 1176 698 1238 quae
712 1156 778 1220 iata
793 1161 980 1240 sequuntur,

129 1235 253 1302 Currite
275 1238 425 1302 ducentes
447 1237 661 1322 subtegmina,
686 1241 815 1323 currite,
838 1240 911 1305 fusi.

85 1354 244 1418 Adveniet
263 1353 324 1417 tibi
345 1355 410 1417 iam
430 1356 561 1437 portans
584 1358 694 1437 optata
714 1357 837 1420 maritis

86 1436 261 1520 Hesperus,
284 1437 432 1500 adveniet
451 1438 557 1502 130310
580 1459 651 1501 cum
673 1440 774 1503 sidere
797 1441 948 1522 coniunx,

86 1520 175 1596 Quae
195 1521 255 1583 tibi
276 1520 443 1584 flexanimo
466 1524 605 1585 mentem
626 1522 796 1604 perfundat
817 1543 923 1586 amore
993 1536 1044 1584 330

85 1603 363 1688 Languidulosque
384 1607 475 1687 paret
496 1606 600 1668 tecum
623 1605 814 1689 coniungere
836 1626 979 1688 somnos,

85 1687 183 1752 Levia
205 1687 409 1751 substernens
430 1688 561 1751 robusto
583 1687 713 1752 brachia
735 1689 826 1752 collo.

129 1769 253 1836 Currite
275 1771 425 1835 ducentes
448 1771 663 1855 subtegmina,
687 1773 816 1857 currite,
838 1773 910 1838 1031.

85 1879 187 1943 Νο113Ι
204 1877 316 1943 domus
337 1879 417 1943 tales
438 1901 588 1963 umquam
611 1882 737 1945 conexit
759 1903 896 1966 amores,

86 1962 201 2027 Nullus
223 1983 312 2025 amor
332 1963 390 2026 tali
412 1965 576 2028 coniunxit
596 1965 722 2030 foedere
744 1970 900 2049 30030133,
994 1979 1043 2028 330

86 2044 196 2120 Qualis
219 2046 307 2110 adest
328 2046 469 2130 Thetidi,
492 2049 592 2130 qualis
615 2049 783 2114 concordia
804 2050 909 2114 Peleo

129 2127 253 2194 Currite
275 2129 425 2194 ducentes
448 2131 664 2215 subtegmina,
687 2134 816 2215 currite,
838 2133 910 2197 fusi.

85 2236 243 2302 Nascetur
263 2237 354 2301 vobis
377 2259 487 2320 expers
509 2239 639 2303 terroris
660 2238 802 2302 Achilles
808 2289 817 2322 ,

85 2319 241 2384 Hostibus
262 2319 347 2384 haud
368 2324 476 2406 terg0,
500 2323 554 2386 sed
575 2322 652 2386 forti
673 2325 800 2406 pectore
822 2326 930 2407 00103,

86 2403 147 2478 Qui
168 2425 319 2488 persaepe
340 2426 422 2490 vago
444 2407 545 2469 victor
567 2407 737 2471 certamine
760 2428 868 2472 cursus
993 2421 1044 2470 340

86 2485 247 2551 Flammea
267 2491 446 2571 praevertet
466 2489 576 2553 celeris
598 2491 732 2574 vestigia
754 2491 872 2556 cervae.

130 2569 256 2635 Currite
278 2571 428 2637 ducentes
449 2573 663 2657 subtegmina,
687 2576 816 2657 cunite,
839 2576 911 2653 1031.

86 2678 163 2744 Non
183 2679 232 2743 illi
255 2682 420 2764 quisquam
441 2681 525 2745 bello
549 2704 581 2745 se
605 2683 747 2746 conferet
767 2683 875 2767 heros,

86 2761 167 2827 Cum
182 2762 314 2848 Phrygii
328 2765 449 2828 Teucro
472 2765 646 2829 manabunt
666 2767 821 2850 sanguine
835 2770 856 2846 †
870 2770 981 2851 tenen,

85 2845 261 2930 Troicaque
283 2846 432 2912 obsidens
453 2849 629 2933 longinquo
651 2851 778 2913 moenia
798 2850 882 2913 bello
992 2863 1041 2912 340

85 2929 206 2992 Ρ301001
228 2929 355 3013 Pelopis
377 2933 514 2996 vastabit
534 2933 645 2996 tertius
666 2931 768 2996 heres

128 3011 252 3076 Currite
274 3013 424 3080 ducentes
446 3016 659 3101 subtegmina,
683 3017 813 3098 currite,
836 3016 909 3080 fusi.

84 3118 175 3184 Illius
198 3122 342 3267 egreffls
364 3123 496 3187 virtutes
519 3124 662 3207 claraque
684 3123 768 3188 facta

85 3201 186 3287 Saepe
208 3205 272 3267 fate
338 3207 391 3268 tur
411 3211 580 3289 gnatorum
601 3208 636 3271 in
656 3208 767 3272 funere
788 3212 923 3292 matres,

85 3284 166 3350 Cum
187 3287 222 3350 in
242 3287 378 3352 cinerem
401 3310 495 3353 canos
518 3291 642 3355 solvent
663 3313 682 3355 a
703 3293 818 3357 vertice
841 3294 943 3357 crines
992 3306 1043 3355 300

86 3368 277 3454 Putridaque
298 3371 431 3435 infirmis
453 3373 621 3437 variabunt
641 3378 770 3458 pectora
791 3377 914 3460 palmis.

127 3451 253 3518 Currite
275 3455 424 3520 ducentes
447 3455 662 3543 subtegmina,
685 3460 817 3541 currite,
836 3460 911 3523 fusi.
937 3514 944 3521 .
974 3510 990 3545 3

133 3553 261 3598 oacrum.
899 3561 920 3608 a
959 3562 972 3602 “,
995 3563 1010 3596 ’,
