2356 3826
86 196 130 269 n]
502 172 617 274 unua
664 182 672 193 ·

84 409 88 414 .
128 357 179 421 Ibi
199 358 256 421 illa
277 358 378 421 multa
399 359 469 421 turn
490 356 605 422 iooosa'
619 356 753 439 fiebant,
817 364 822 374 '

36 485 41 496 ·
129 441 215 516 Quae
235 445 271 505 tu
292 441 422 505 volebas
443 461 504 505 neo
524 441 630 523 puella
650 441 789 506 nolebat.

127 524 257 590 Fulsere
278 546 351 589 vere
373 523 500 590 candidi
520 523 580 588 tibi
600 525 694 588 soles.

127 609 223 674 Nune
243 609 308 671 iam
328 608 385 671 illa
398 629 465 672 non
479 608 562 672 vult:
583 609 620 672 tu
634 629 769 694 qnoque,
784 608 943 691 inpotens,
958 606 1026 671 noli

127 692 197 758 Nee
240 714 299 756 uae
319 692 404 777 fugit
426 693 560 775 sectare,
581 712 642 756 neo
662 693 758 757 miser
778 692 865 776 vive,
1015 704 1047 752 10
1154 776 1157 780 Ι

129 774 192 841 Sed
213 797 232 840 ο
256 775 376 840 atinate
396 778 503 840 mente
524 775 644 858 perfer,
672 775 802 840 obdura.

127 859 224 942 Vale,
245 860 361 944 puella.
395 859 460 923 iam
482 857 625 924 Catullus
647 859 797 941 obdurat,

130 942 197 1008 Nee
218 945 250 1006 te
271 943 411 1026 requiret
430 963 491 1007 neo
511 943 639 1027 rogabit
661 943 811 1008 invitam:

129 1029 175 1090 At
195 1028 230 1090 tu
253 1026 391 1110 dolebis,
414 1047 486 1090 oum
507 1026 671 1111 rogaberis
692 1027 788 1092 nulla.

130 1109 283 1192 Scelesta,
305 1131 363 1174 vae
384 1111 431 1174 tel
454 1131 533 1207 quae
554 1110 614 1175 tibi
635 1114 743 1176 manet
763 1111 843 1175 vita!
1009 1121 1048 1172 ἰδ

129 1193 212 1270 Quis
228 1215 314 1258 nuno
335 1196 368 1258 te
390 1193 513 1258 adibit?
537 1195 587 1259 oui
609 1194 765 1260 videberis
787 1195 893 1259 bella?

130 1277 230 1354 Quem
251 1297 336 1342 nuno
358 1277 501 1342 amabis?
525 1278 613 1343 euius
636 1301 705 1343 esse
727 1278 861 1343 diceris?

130 1362 230 1437 Quem
251 1362 412 1427 basiabis?
435 1361 486 1426 oui
507 1362 623 1427 labella
643 1362 825 1427 mordebis?

128 1445 175 1508 At
195 1449 247 1528 tu,
270 1444 411 1529 Catulle,
433 1445 608 1510 destinatus
631 1446 761 1523 obdura.

508 1657 621 1730 VHH.

130 1779 268 1862 Verani,
287 1779 433 1843 omnibns
456 1779 574 1844 erneis
597 1780 707 1844 amieis

132 1864 299 1928 Antistans
321 1863 400 1927 mihi
421 1863 550 1927 milibus
572 1865 738 1946 trecentis,

46 1964 50 1971 ’
130 1947 297 2011 Venistine
320 1947 448 2011 domum
469 1947 509 2012 ad
530 1951 604 2012 tuos
626 1946 762 2014 Penates

130 2031 319 2113 Fratresque
342 2031 509 2095 unanimos
532 2051 689 2113 anumque
710 2030 869 2094 matrem?

131 2113 266 2177 Venisti.
300 2134 319 2177 o
341 2113 420 2177 mihi
440 2115 546 2178 nuntii
567 2115 667 2179 beati!
1001 2149 1004 2154 ·
1033 2127 1050 2176 a

130 2196 242 2281 Visam
262 2199 295 2280 te
316 2197 509 2260 ineolumem
530 2197 716 2280 audiamque
737 2196 891 2262 Hiberum

130 2280 162 2345 N
164 2283 323 2344 arrantem
344 2280 430 2363 looa,
452 2280 552 2362 faeta,
573 2280 736 2364 nationes,

130 2364 176 2428 Vt
196 2385 266 2428 mos
289 2367 338 2428 est
358 2366 445 2446 tuus,
467 2364 691 2448 adplicansque
714 2365 831 2429 oollam

130 2447 307 2512 Ioeundum
328 2469 364 2512 os
387 2449 556 2531 oculosque
578 2446 755 2513 suadabor.
788 2472 793 2481 ·

131 2531 366 2615 Oquantumst
386 2531 551 2596 hominum
572 2531 765 2618 beatiorum,
1019 2543 1053 2592 10

132 2615 215 2690 Quid
236 2637 287 2679 me
309 2617 422 2680 laetius
445 2619 493 2680 est
514 2616 699 2681 beatiusve?

543 2830 588 2903 X.

134 2950 235 3015 Varus
257 2973 308 3017 me
329 2973 418 3029 meus
438 2952 480 3016 ad
502 2973 576 3018 suos
599 2973 722 3016 amores

122 3019 246 3100 Visum
267 3035 399 3100 duxerat
420 3058 437 3100 e
458 3036 529 3101 foro
552 3037 706 3117 otiosum,
737 3089 740 3094 .

133 3119 332 3202 Soortillum,
353 3123 390 3183 ut
410 3119 489 3183 mihi
510 3123 579 3184 tum
600 3122 730 3203 repente
752 3118 901 3203 visumst,

131 3202 208 3268 Non
229 3224 306 3266 sane
327 3203 504 3287 inlepidum
524 3225 627 3288 neque
648 3186 861 3267 invo'nustum.

131 3285 204 3351 Huo
225 3289 262 3351 ut
282 3287 443 3370 venimus,
466 3287 604 3352 incidere
625 3287 720 3351 nobis
924 3337 930 3346 .
1035 3298 1051 3349 ⁶

133 3368 301 3435 Sermones
322 3371 417 3454 varii,
439 3371 475 3434 in
496 3371 623 3454 quibus,
647 3371 722 3454 quid
744 3373 828 3435 esset

132 3452 202 3519 Iam
223 3453 391 3541 Bithynia,
414 3475 476 3541 quo
498 3454 593 3519 modo
615 3476 650 3520 se
671 3454 822 3543 hab-eret,
943 3502 955 3517 .
