2362 3998
108 218 151 284 54
515 221 667 278 curvum
964 219 1067 294 [11111

173 384 252 448 Fixa
273 406 390 450 corona
408 385 506 468 foret,
529 386 584 450 sed
605 407 664 449 nos
687 405 811 468 quoque
833 383 1027 467 fulgeremus

214 468 357 532 Devotae
378 469 453 532 flavi
474 470 600 533 verticis
624 470 768 549 exuviae,

172 550 343 616 Vvidulam
365 575 383 615 a
404 553 481 616 fletu
502 552 667 617 cedentem
689 552 728 614 ad
750 552 870 634 templa
892 551 987 616 deum
1008 573 1058 616 mc

216 635 309 700 Sidus
330 637 365 699 in
386 635 524 719 antiquis
546 635 619 699 diva
638 655 756 698 novom
776 635 899 717 posuit:

130 735 162 783 65
175 718 319 804 Virginis
342 722 374 783 et
395 720 481 784 saevi
503 719 692 803 contingens
713 739 850 800 namque
872 717 988 783 Leonis

216 803 366 886 Lumina,
389 802 522 868 Callisto
548 803 656 867 iuncta
676 801 869 884 Lycaoniae,

175 887 293 951 Vertor
313 888 348 950 in
370 908 532 970 occasum,
554 886 680 950 tardum
702 886 765 949 dux
787 887 860 948 ante
882 883 1024 967 Booten,

218 970 280 1046 Qui
301 971 354 1034 vix
377 992 447 1035 sero
470 972 534 1035 alto
556 970 710 1054 mergitur
733 968 870 1033 Oceano.

176 1053 239 1119 Sed
272 1075 462 1137 quamquam
487 1076 538 1117 me
565 1059 660 1117 nocte
687 1054 836 1135 premunt
864 1050 1001 1136 vestigia
1029 1052 1074 1116 di·

717 1157 806 1218 vom,

129 1234 163 1284 το
217 1220 287 1285 Lux
308 1224 413 1284 autem
436 1241 533 1285 canae
554 1220 669 1303 Tethyi
691 1219 844 1301 restituit,

179 1305 274 1389 (Pace
295 1307 351 1367 tua
372 1304 433 1368 fari
453 1303 506 1367 liic
528 1304 636 1386 liceat,
659 1302 855 1367 Rhamnusia
876 1303 981 1388 virgo,

219 1387 363 1470 Namque
386 1409 446 1472 ego
467 1408 535 1450 non
555 1388 621 1451 ullo
643 1409 717 1451 vera
738 1387 851 1450 timore
872 1389 998 1470 tegam,

177 1471 246 1536 Nec
268 1471 368 1534 sime
390 1472 515 1536 infestis
538 1472 718 1554 discerpent
740 1470 843 1534 sidera
864 1470 973 1554 dictis,

221 1554 359 1620 Condita
380 1556 458 1639 quin
477 1557 563 1620 verei
583 1555 721 1638 pectoris
744 1554 917 1639 evoluam):

131 1650 163 1700 15
177 1639 253 1704 Non
266 1638 318 1703 his
332 1642 399 1703 tam
413 1640 515 1703 laetor
528 1640 621 1704 rebus
628 1688 637 1722 ‚
659 1659 754 1720 quam
767 1659 817 1702 me
833 1638 919 1702 afore
935 1660 1076 1722 semper,

220 1723 320 1786 Afore
341 1745 392 1788 me
415 1745 434 1786 a
455 1723 601 1786 dominae
622 1723 739 1786 vertice
762 1721 948 1804 discrucior,

179 1807 313 1882 Quicum
336 1828 412 1891 ego,
441 1807 516 1870 dum
538 1807 628 1890 uirgo
652 1806 733 1868 curis
761 1806 822 1869 fuit
849 1805 996 1869 omnibus
1025 1827 1076 1870 ex·

744 1910 792 1952 ers

221 1972 386 2056 unguenti
408 1971 509 2037 surra
531 1973 619 2036 mua
640 1911 741 2036 alul
761 1938 837 2036 aa

180 2057 274 2122 Nunc
295 2078 352 2121 vos
358 2106 368 2139 ,
391 2059 500 2139 optato
523 2078 618 2140 quom
640 2057 744 2120 iunxit
764 2056 883 2121 lumine
904 2057 1012 2141 taeda,

132 2154 165 2203 80
221 2140 296 2204 Non
316 2141 404 2224 prius
426 2142 585 2206 unanimis
608 2161 740 2223 corpora
762 2139 949 2224 coniugibus

180 2224 308 2289 Tradite
329 2225 485 2288 nudantes
506 2226 624 2289 reiecta
645 2226 732 2287 veste
753 2223 903 2307 papillas,

223 2308 324 2383 Quam
345 2308 482 2372 iocunda
502 2309 582 2372 mihi
602 2329 733 2371 munera
754 2307 832 2370 libet
854 2327 951 2389 onyx,

180 2390 297 2456 Voster
318 2413 419 2474 onyx,
442 2394 529 2455 casto
551 2393 658 2474 petitis
682 2413 760 2474 quae
783 2392 852 2454 iura
873 2391 978 2454 cubili.

223 2473 285 2538 Sed
307 2495 386 2556 quae
408 2497 441 2538 se
463 2475 576 2557 inpuro
599 2474 686 2538 dedit
707 2475 876 2557 adulterio,

126 2572 166 2621 -85
180 2558 270 2621 Illius
292 2559 415 2621 amala
437 2557 521 2620 dona
541 2558 618 2621 levis
640 2558 729 2622 bibat
749 2558 841 2622 irrita
861 2558 980 2642 pulvis:

222 2640 369 2724 Namque
392 2662 451 2725 ego
474 2641 513 2704 ab
534 2641 674 2726 indignis
695 2642 946 2725 praemianulla
966 2644 1052 2725 peto.

182 2725 243 2790 Sed
265 2727 384 2810 magis,
408 2747 426 2789 o
448 2727 580 2809 nuptae,
603 2747 727 2808 semper
749 2725 918 2789 concordia
939 2729 1063 2789 vostras

225 2809 355 2893 Semper
377 2831 466 2873 amor
487 2809 576 2872 sedes
598 2810 716 2874 incolat
738 2809 895 2873 adsiduos.

181 2893 230 2956 Tu
251 2914 341 2975 vem,
363 2894 489 2977 regina,
510 2895 603 2956 tuens
626 2914 698 2956 cum
720 2892 824 2956 sidera
845 2892 950 2956 divam

134 2990 167 3038 oo
222 2976 367 3041 Placabis
389 2977 480 3041 festis
501 2975 671 3039 luminibus
693 2974 864 3059 Venerem,

182 3059 342 3142 Vnguinis
365 3061 524 3143 expertem
544 3079 612 3121 non
633 3059 704 3122 siris
727 3079 795 3122 esse
815 3061 903 3123 tuam
925 3081 991 3142 me,

225 3141 287 3206 Sed
307 3143 414 3225 potius
437 3142 533 3226 largis
555 3141 653 3205 adfice
674 3143 866 3208 muneribus.

183 3224 292 3290 Sidera
314 3229 497 3291 corruerent
516 3225 652 3290 utinam!
676 3246 766 3290 coma
787 3229 876 3313 regia
897 3229 985 3292 fiam:

224 3308 390 3374 Proximus
411 3308 595 3393 Hydrochoi
617 3309 755 3394 fulgeret
776 3311 909 3377 Oarionl
