2362 3998
526 200 643 256 LIBER.

311 361 433 426 Scimus
454 361 533 425 haee
554 360 614 424 tibi
636 382 716 444 quae
737 360 835 424 licent

352 445 428 508 Sola
449 444 592 529 cognita:
615 445 670 509 sed
692 446 805 509 marito

352 530 420 591 Ista
439 549 507 591 non
529 528 638 593 eadem
659 529 765 593 licent.

205 643 210 654 ·
311 611 338 676 0
360 612 489 694 Hymen
509 612 692 694 Hymenaee
714 614 762 695 io,

158 3565 286 3606 cumve.

354 695 380 759 Ο
402 695 531 778 Hymen
551 695 744 778 Hymenaee.

310 820 434 968 Nuyita,
456 823 493 884 au
515 843 654 905 quoque,
677 844 756 905 quae
778 826 850 886 aios

383 905 411 967 ir
432 907 533 988 petet,
557 927 632 970 eave
654 928 695 969 ne
716 928 829 989 neges,

351 987 396 1052 Ni
417 989 552 1071 petitum
575 989 701 1053 aliunde
724 994 784 1052 eat.

310 1070 338 1135 Ο
360 1070 488 1155 Hymen
508 1072 692 1155 Hymenaee
713 1074 760 1154 ie,

355 1154 381 1218 Ο
404 1154 532 1236 Hymen
552 1157 745 1239 Hymenaee-

310 1278 363 1343 nn
384 1280 444 1342 eibi
467 1280 577 1346 domus
599 1286 636 1345 ut
656 1286 771 1367 potens

352 1362 396 1427 Ha
416 1363 509 1428 beata
530 1365 590 1428 viri
611 1367 674 1449 tui,

354 1446 441 1520 Quae
462 1448 522 1511 tibi
545 1450 613 1513 sine
634 1450 698 1514 fine
720 1451 781 1515 erit

312 1529 354 1614 (Ο
377 1530 505 1612 Hymen
525 1531 708 1615 Hymenaee
730 1535 776 1616 io,

355 1613 380 1676 Ο
403 1613 531 1696 Hymen
552 1615 767 1702 Hymenaee),
826 1651 828 1655 ·

312 1738 420 1823 Vsque
443 1741 518 1804 dum
539 1743 709 1806 tremulum
731 1764 862 1807 movens

354 1824 442 1888 Cana
462 1828 587 1909 tempus
610 1828 736 1891 aniliias

354 1908 470 1972 Omnia
491 1910 637 1974 omnibus
660 1912 778 1975 adnuit.

311 1990 338 2056 0
361 1991 489 2074 Hymen
509 1993 693 2076 Hymenaee
715 1997 763 2078 i0,

355 2075 381 2139 0
404 2076 532 2159 Hymen
552 2077 745 2160 Hymenaee.

312 2201 463 2266 Transfer
485 2204 591 2267 omine
613 2226 685 2269 eum
705 2205 791 2267 bono

353 2287 467 2350 Limen
489 2289 633 2352 aureolos
655 2288 764 2371 pedes,

353 2370 554 2455 Rasilemque
577 2372 648 2436 subi
669 2372 777 2435 forem.

313 2452 340 2517 0
362 2453 490 2537 Hymen
511 2456 694 2538 Hymenaee
715 2456 762 2538 ie,

355 2537 381 2602 0
404 2538 531 2621 Hymen
552 2540 744 2622 Hymenaee.

312 2663 444 2748 Aspice,
466 2666 552 2730 intus
573 2669 609 2729 ut
631 2667 786 2730 accubans

353 2747 412 2811 Vir
433 2752 504 2812 tuos
527 2749 622 2833 Tyrio
644 2751 679 2813 in
700 2752 771 2813 toro

354 2831 452 2896 Totus
475 2834 629 2897 inmineat
650 2833 719 2897 tibi.

312 2912 339 2977 0
362 2916 489 2998 Hymen
509 2916 692 3000 Hymenaee
713 2917 760 3000 io,

355 2999 381 3062 O
403 2999 532 3082 Hymen
553 3001 745 3084 Hymenaee.

313 3124 365 3189 Illi
386 3146 453 3189 non
474 3127 579 3190 minus
603 3149 639 3191 ae
661 3128 720 3191 tibi

354 3209 487 3272 Pectore
509 3212 612 3274 uritur
633 3211 746 3274 intimo

352 3292 512 3376 Flamma,
535 3295 590 3358 sed
611 3295 719 3378 penite
741 3294 851 3378 magia.

312 3375 338 3440 Ο
361 3376 489 3458 Hymen
510 3377 693 3460 Hymenaee
715 3380 762 3461 io,

354 3461 380 3525 0
403 3461 530 3544 Hymen
551 3462 744 3545 Hymenaee.

929 3565 949 3608 ”a
