2362 3998
71 193 209 262 lxxiii]
497 191 614 248 umus.
996 189 1037 255 61

77 353 172 418 Hune
193 355 339 417 metuunt
361 373 480 417 omnes.
517 373 620 435 neque
641 353 771 417 mirum:
794 376 870 418 nam
891 355 975 420 mala

119 519 243 602 Bestia,
265 541 324 583 nec
346 521 473 602 quicum
495 519 579 583 bella
599 437 829 604 puelllraltililllt.

78 603 181 680 Quare
203 605 258 666 aul
279 603 438 668 crudelem
460 624 610 667 nasorum
632 604 774 669 interfice
794 608 932 688 pestem,

119 688 187 751 Aut
208 686 356 750 admirari
379 686 487 750 desine
509 708 565 751 cur
586 687 724 772 fugiunt.
1006 701 1038 751 10

499 899 608 972 LXX.

75 1022 167 1088 Nulli
188 1043 222 1086 sc
244 1020 322 1085 dicii
343 1021 457 1085 mulier
479 1042 550 1085 mea
569 1021 689 1085 nubere
710 1021 806 1085 malle

119 1105 221 1182 Quam
242 1105 320 1169 mihi
326 1155 335 1188 ,
357 1125 425 1169 non
447 1105 474 1169 si
496 1127 529 1169 se
551 1104 610 1190 Iup
634 1105 695 1168 iter
715 1105 784 1188 ipse
806 1108 903 1189 pelei.

76 1189 177 1254 Dicin
201 1190 255 1254 sed
276 1191 390 1254 mulier
411 1189 526 1273 cupido
548 1127 633 1272 quel
653 1188 733 1253 dicit
753 1191 889 1270 amanti,

117 1273 158 1337 In
178 1276 274 1338 venio
297 1276 329 1338 et
350 1273 460 1356 rapida
482 1273 620 1337 scribere
641 1274 768 1357 oporiet
789 1293 878 1356 aqua.

492 1485 619 1558 LXXI.

75 1607 187 1691 Siquoi
208 1609 275 1672 iure
297 1608 383 1673 bono
405 1630 494 1673 sacer
515 1609 636 1671 clarum
658 1606 785 1671 obstitis
805 1606 930 1692 hircus,

117 1692 185 1756 Aut
205 1693 328 1775 siquem
348 1693 462 1756 merito
484 1690 574 1755 tarda
594 1689 737 1773 podagra
758 1693 858 1772 secat,

75 1776 228 1839 Aemulus
249 1777 310 1840 iste
331 1779 419 1859 tuos,
442 1775 496 1858 qui
515 1776 659 1838 vostrum
681 1776 806 1837 exercet
827 1795 981 1861 amorem,

117 1859 287 1923 Mirificosl
306 1860 373 1924 fato
394 1863 506 1924 nactus
527 1861 695 1939 utrmque
716 1857 848 1922 malum.

75 1940 159 2007 Nam
181 1944 327 2025 quotiens
349 1945 461 2028 futuit,
483 1942 602 2007 totiens
624 1941 787 2006 ulciscitur
809 1941 934 2009 ambos:
1018 1959 1034 2006 c

116 2025 210 2090 Illam
231 2026 355 2112 adfligit
377 2027 488 2110 odore,
510 2027 578 2109 ipse
599 2025 683 2108 perit
703 2025 856 2109 podagra.

476 2237 621 2313 LXXII.

74 2359 210 2426 Dicebas
232 2363 393 2445 quondam
415 2363 518 2427 solum
539 2365 571 2425 te
592 2380 687 2424 nosse
709 2358 887 2443 Catullum,

115 2445 245 2528 Lesbia,'
266 2468 326 2510 nec
347 2469 423 2531 prce
445 2468 496 2511 me
517 2445 598 2509 velle
620 2445 729 2507 tenere
751 2442 869 2508 Iovem.

73 2527 180 2596 [lilexi
201 2532 270 2591 tum
290 2531 323 2593 ie
344 2552 411 2595 non
432 2533 557 2594 tuntum
578 2530 614 2592 ul
634 2528 749 2610 volgus
772 2526 920 2612 amicam,

116 2611 178 2676 Sed
199 2614 290 2695 paler
310 2616 346 2676 ul
366 2617 483 2711 gnatos
506 2610 613 2696 diligit
635 2614 667 2673 et
686 2630 833 2694 generos.

72 2693 168 2760 Nune
189 2699 222 2759 te
245 2715 396 2781 cognovi:
419 2718 515 2779 quare
537 2695 596 2760 elsi
618 2694 652 2756 in
676 2693 782 2756 ensius
803 2714 892 2777 uror,
1017 2709 1033 2762 s

115 2778 218 2843 Multo
240 2781 284 2842 mi
306 2783 415 2844 temen
436 2802 470 2844 es
491 2780 584 2843 vilior
606 2778 639 2840 et
652 2715 768 2840 levior.

72 2860 133 2937 Qui
150 2863 306 2946 polisest?
329 2864 444 2946 inquis.
477 2863 561 2946 quod
581 2862 741 2924 amantem
761 2858 877 2926 iniuria
895 2864 968 2929 talis

115 2944 213 3031 (logii
233 2968 337 3011 amare
358 2948 477 3033 magis,
499 2947 555 3011 scd
576 2946 657 3010 bene
678 2942 760 3006 velle
782 2941 896 3012 minus,

467 3160 630 3237 LXXIII.

72 3279 189 3345 Desine
212 3281 252 3345 de
273 3302 432 3364 quoquam
454 3283 622 3366 quicquam
643 3286 725 3350 bene
745 3286 827 3350 velle
850 3285 963 3350 mereri

115 3365 180 3428 Aur
201 3366 337 3448 aliquem
358 3365 427 3429 fieri
447 3387 541 3450 posse
563 3370 674 3450 putare
720 3371 795 3435 ium.
877 3406 884 3413 ·

31 3502 38 3513 ,
71 3446 188 3513 Omnia
209 3452 285 3514 sunt
305 3450 447 3535 ingrata,
470 3449 551 3513 nihil
572 3451 686 3516 fecisse
731 3453 846 3538 enigne
