2362 3998
125 174 167 238 68
528 175 681 231 orrum
904 172 1087 244 [Lxxxxvr.

489 339 719 414 LXXXXVI.

189 456 223 523 si
244 457 412 540 quiequam
432 456 530 518 mutis
551 459 678 538 gratum
708 458 911 538 aceepiumve
932 452 1086 536 sepulcris

230 540 383 605 Accidere
405 561 424 603 e
443 542 570 622 nostro,
594 537 706 621 Calue,
729 540 838 602 dolore
859 538 979 622 polest,

189 624 258 702 Quo
280 623 436 688 desiderio
458 625 580 686 veteres
601 643 791 686 renovamus
813 643 936 687 amores

230 711 337 792 Atque
359 707 437 772 olim
458 707 571 771 missas
592 706 703 771 flemus
726 707 896 789 amicitias,

157 793 282 859 sOerie
304 813 371 856 non
392 795 483 856 tenio
506 811 592 855 mors
614 791 772 855 inmaiura
793 789 928 854 dolorisi

230 877 417 960 Quintiliae,
440 880 593 960 quantum
615 876 733 961 gaudet
754 896 860 939 amore
881 877 947 938 tuo.

481 1088 725 1164 LXXXXVll

187 1204 262 1269 Non
286 1203 345 1289 (iia
365 1224 417 1267 me
439 1200 471 1265 di
493 1202 613 1288 ament)
639 1203 806 1286 quiequam
827 1202 943 1267 referre
965 1201 1084 1286 putavi,

228 1287 386 1352 Vtrumne
408 1308 445 1350 os
466 1308 508 1350 an
529 1286 635 1351 culum
658 1288 827 1352 olfacerem
848 1286 998 1350 Aemilio.

188 1370 264 1436 Nilo
286 1370 435 1435 mundius
456 1370 534 1455 hoo,
555 1370 685 1454 niloque
707 1370 901 1435 immundior
922 1371 990 1453 ille,

228 1455 349 1521 Verum
370 1456 467 1520 etiam
489 1457 577 1520 culus
599 1455 747 1521 mundior
769 1459 801 1521 et
822 1455 949 1520 melior:

156 1540 271 1605 uNem
293 1541 361 1605 sine
383 1540 529 1605 dentibus
552 1543 615 1605 est:
644 1540 754 1606 denies
776 1562 812 1605 os
834 1538 1084 1623 sesquipedales,

230 1623 385 1709 Gingivas
407 1646 481 1690 vero
503 1625 633 1708 ploxeni
654 1624 751 1690 habel
771 1625 902 1707 veteriS,

188 1709 355 1773 Praeterea
376 1709 492 1773 rictum
513 1710 638 1792 qualem
661 1709 799 1774 diffissus
821 1710 856 1772 in
878 1710 967 1772 aestu

229 1791 377 1856 Meienlis
399 1794 503 1856 mulae
525 1814 648 1857 ounnus
669 1793 786 1857 hebere
807 1793 897 1856 solet.

189 1875 251 1939 Hio
271 1876 370 1939 fuluii
390 1876 505 1939 multas
528 1879 561 1938 el
582 1897 616 1940 se
637 1876 716 1941 facil
737 1898 806 1941 esse
827 1878 1012 1959 venustum,

141 1973 171 2022 ιο
228 1958 272 2022 El
292 1979 360 2022 non
379 1958 517 2043 pistrino
539 1959 674 2025 iradiiur
696 1964 789 2046 eique
811 1959 921 2026 asino?

189 2042 289 2120 Quem
312 2043 402 2142 siqua
423 2044 505 2109 attin
530 2045 569 2143 ζὴ,
591 2067 658 2110 non
679 2046 768 2111 illam
788 2067 882 2144 posse
902 2046 1047 2125 putemus

229 2131 366 2214 Aegrotr
387 2129 493 2194 culum
585 2152 636 2195 ere
659 2129 836 2196 earnificls?

534 2261 678 2271 ——-

469 2342 731 2414 LXXXXVIH.

186 2456 226 2520 In
246 2459 295 2539 ie,
318 2456 346 2518 si
367 2456 402 2518 in
423 2473 627 2536 quemquem,
650 2451 713 2514 dici
734 2453 824 2534 pote,
846 2449 955 2533 putide
978 2449 1081 2528 Victi,

227 2537 266 2602 Id
287 2537 372 2621 quod
393 2536 535 2600 verbosis
558 2535 673 2599 dieitur
695 2537 728 2598 et
748 2534 855 2598 fatuis.

186 2621 253 2687 Isia
275 2643 347 2686 oum
368 2621 495 2704 lingua,
518 2620 546 2684 si
566 2640 642 2683 usus
663 2619 771 2683 venial
791 2619 867 2702 tibi,
889 2618 993 2701 possis

229 2705 327 2771 (lulos
349 2707 382 2769 ei
403 2704 545 2787 crepidas
566 2704 689 2788 lingere
711 2705 899 2787 carpatines.

156 2789 221 2854 sSi
241 2810 301 2853 nos
323 2789 453 2852 omnino
477 2789 524 2852 vis
547 2809 656 2853 ornnes
679 2788 824 2871 perdere,
846 2786 948 2870 vieti,

228 2871 358 2936 Hisees:
381 2873 512 2937 omnino
535 2873 619 2956 quod
642 2873 731 2956 cupis
755 2873 882 2937 efficies.

529 3005 680 3013 ——-.--

460 3078 742 3152 LXXXXVHH.

187 3189 331 3277 Surripui
351 3193 426 3276 libi,
450 3193 524 3256 dum
545 3193 643 3276 ludis,
666 3194 787 3258 mellite
809 3192 949 3274 Iuvenii,

229 3276 411 3342 Suaviolum
433 3277 518 3342 dulei
539 3277 660 3341 dulcius
683 3277 850 3342 ambrosia.

187 3361 306 3427 Verum
321 3361 354 3425 id
368 3382 435 3426 non
449 3363 568 3446 inpune
582 3359 658 3427 tulit
672 3382 808 3444 namque
823 3356 957 3442 amplius
971 3363 1079 3423 horam

214 3444 381 3512 Suffixum
403 3447 440 3513 in
462 3469 587 3512 summu
607 3468 658 3511 me
677 3444 808 3510 memini
830 3464 899 3508 esse
921 3464 1027 3527 eruce,
