2362 3998
120 146 163 220 '14
486 154 719 215 runcinum

170 334 195 383 4.
241 306 532 385 v.„.etLario
555 320 715 407 inminens
738 316 895 409 Comum]
991 303 992 306 Ἴ

170 417 248 474 Haec
267 436 302 474 ex
314 419 376 473 cod.
387 417 467 473 Vibii
479 418 635 486 Sequestris
649 420 731 489 [llus.
747 419 817 475 Brit.
830 421 902 475 Add.
913 419 978 474 Mssss
992 427 1086 490 16986,

122 505 194 543 saec.
217 487 282 556 XV]
307 486 390 540 affert
411 486 553 564 Ellissius‚
581 481 744 608 cuiusss'igia
759 487 828 566 ,lere
850 502 960 556 appono
982 491 1085 565 verbai

119 557 185 624 post
200 554 252 607 illa
269 555 313 607 ‘in
331 553 488 607 athamatia
504 553 582 607 lacus
604 554 670 608 lunc
717 571 785 620 nura
807 555 885 623 ligna
903 556 1032 610 accendit
1049 572 1086 611 ex

120 637 176 689 quo
198 621 297 675 bibens
324 622 374 673 aut
400 620 505 674 insanit
532 621 582 673 aut
608 620 733 688 sopitur’
758 622 818 690 [pg.
842 628 873 675 12
895 621 988 692 Bura]
1013 623 1085 678 haec

120 689 208 742 habet
232 689 305 743 liber
329 686 483 741 minoribus
504 686 607 741 litteris
632 688 770 754 tanquam
794 689 954 757 perscripta
999 690 1086 759 agina

120 755 230 821 addita,
256 754 394 809 incertum
417 770 454 808 an
480 753 517 831 ab
540 754 639 832 eadem
659 770 757 832 manu:
786 754 864 832 lacus
887 757 952 825 (leg.
973 705 1084 825 flarius)

121 822 212 942 calmi,
231 821 357 877 Catullus
376 821 405 874 ct
421 821 451 874 L.
468 820 586 876 immons
604 824 751 889 (inminens
762 821 899 891 Ellissius)
913 824 942 878 O.
954 852 995 944 —t
1005 823 1085 878 Haec
1114 885 1117 892 ,

120 905 136 942 6
194 905 212 942 6
996 907 1027 944 er
1049 907 1085 945 ca

232 891 261 943 te
283 887 464 966 hipponactei
505 890 595 942 artem
617 888 771 956 complent,
794 890 889 943 tamen
910 906 962 958 pro

120 972 193 1023 quae
205 905 357 1009 ssursianus
373 973 402 1008 in
416 904 504 1024 praeI
516 955 551 1009 de
566 954 708 1009 codicibus
719 954 797 1009 Vibii
814 956 945 1010 disseruit
960 907 1022 1077 [pg.
1036 964 1083 1024 123

120 1023 154 1076 cf.
173 1024 209 1076 et
226 1028 303 1091 pg.4
320 1023 376 1090 not
389 1021 432 1141 ahl,
450 1022 499 1074 vix
520 1021 598 1075 aliud
608 1038 701 1100 'quam
710 1039 753 1101 ‘ex
771 1030 812 1089 35,
828 1029 846 1078 4
864 1024 924 1100 Cat
942 1040 960 1078 6
996 1025 1083 1102 inter·

119 1089 248 1158 polatore
265 1089 377 1143 novello
415 1089 462 1142 cta
479 1105 537 1143 esse
559 1089 643 1144 facile
665 1090 718 1143 tibi
740 1089 930 1157 persuadebis.
965 1091 1003 1146 Et
1022 1109 1084 1161 ipsc

119 1157 197 1209 uncis
213 1154 326 1209 inclusit
341 1155 478 1208 Ellissius.
643 1157 646 1162 ’
863 1217 868 1228 ι

169 1261 193 1310 5.
219 1255 277 1310 Ver
297 1295 304 1308 .
322 1271 390 1323 geor
410 1254 474 1321 .H,
493 1260 539 1310 95:
576 1272 612 1310 uo
629 1257 659 1310 te
677 1255 798 1312 carmine
811 1256 917 1325 dicam,
933 1259 1080 1316 Rhaetica

120 1324 165 1378 Ad
183 1338 255 1400 quae
273 1271 473 1401 gerulusgnaec
494 1322 567 1400 aduc
629 1323 718 1401 ‘hanc
735 1340 820 1378 uvam
838 1324 907 1379 Cato
930 1326 1082 1394 praecipue

119 1389 218 1444 laudat
234 1407 263 1442 in
280 1391 359 1444 libris
376 1405 446 1456 quos
463 1391 574 1458 scripsit
590 1391 627 1444 ad
643 1391 746 1456 filium3
764 1392 862 1445 contra
874 1391 999 1448 Catullus
1019 1410 1083 1448 eam

119 1457 180 1510 vitu
202 1459 263 1511 crat
279 1458 310 1510 et
326 1457 395 1511 dicit
410 1456 483 1510 nulli
499 1457 541 1512 rei
563 1474 622 1513 esse
640 1460 738 1526 aptam
754 1458 927 1526 miraturque
952 1476 1001 1513 cur
1018 1476 1083 1514 cam

63 1530 72 1542 ·
118 1524 166 1578 166
186 1523 277 1579 averit
293 1524 370 1580 Cato.
387 1525 476 1579 sciens
493 1540 561 1644 ciffi>
577 1527 727 1592 utrumque
740 1525 882 1595 Vergilius
899 1527 1023 1582 medium
1039 1529 1081 1582 te-

122 1590 184 1646 nuit
201 1591 307 1646 dicens:
325 1609 352 1660 q.
369 1593 390 1646 t.
409 1608 431 1646 c.
450 1592 491 1657 d.,
508 1592 534 1645 It
554 1600 572 1645 .’

170 1698 194 1745 6.
218 1691 290 1745 Hinc
307 1691 449 1746 Theocriti
467 1692 543 1760 apud
555 1691 688 1758 Graecos,
707 1693 812 1748 Catulli
824 1695 899 1763 apud
915 1711 965 1771 nce
977 1711 1081 1763 proxu-

118 1775 221 1836 meque
240 1758 297 1819 Ver
316 1758 348 1811 ili
366 1759 646 1814 'incantamentorum
672 1761 809 1816 amatoria
834 1761 964 1815 imitatio.
1008 1762 1084 1817 Plin.

117 1829 176 1879 nat
193 1826 257 1880 hist
331 1825 411 1893 VIII,
431 1832 471 1881 19.

168 1935 194 1988 t.
227 1926 273 1990 sio
294 1947 351 1989 sua
372 1926 489 1991 lascivo
511 1929 670 1991 cantatast
691 1949 784 2012 saepe
807 1926 932 1994 Catullo

263 2009 398 2094 femina,
422 2010 473 2074 cui
493 2009 610 2075 falsum
631 2011 746 2076 Lesbia
766 2033 885 2077 nomen
907 2015 990 2098 crat,

226 2113 282 2160 erec
303 2098 460 2160 contectae
481 2115 515 2160 cc
536 2097 649 2162 multos
668 2097 804 2180 66196661
824 2118 958 2181 amora,

264 2181 302 2244 ic
323 2180 435 2261 quibua
456 2181 522 2262 ipse
541 2199 635 2245 scam
653 2181 761 2262 fessae
782 2183 1009 2247 adulteeiamrt

167 2276 220 2332 Hic
237 2284 310 2344 quac
328 2279 450 2333 secundo
468 2278 587 2333 disticho
604 2280 774 2348 produntur,
793 2281 946 2337 certissime
964 2282 1080 2335 demon·

121 2343 208 2403 itant
225 2345 311 2423 etiam
328 2346 385 2399 alia
402 2361 488 2422 quam
494 2362 572 2467 (quac
589 2346 674 2424 bodie
692 2348 790 2425 extant
801 2348 925 2401 carmina
942 2348 1081 2400 amatoria

117 2427 170 2465 nec
187 2428 222 2466 ea
238 2429 321 2465 nimia
337 2428 430 2480 pauca
446 2429 476 2464 m
517 2413 599 2466 atulli
615 2413 688 2466 libro
705 2414 805 2482 legisse
822 2413 969 2466 Nasonem.

167 2515 192 2564 8.
219 2510 291 2563 Hinc
312 2510 400 2564 etiam
418 2510 543 2565 Catullus
562 2511 661 2566 cartre
679 2511 758 2566 dixit
792 2509 870 2566 Serv.
894 2511 931 2566 ad
951 2527 1013 2568 aen.
1031 2513 1080 2582 111,

118 2581 176 2632 109.
201 2576 244 2630 ita
260 2576 375 2645 plurimi
392 2578 501 2633 fervire
517 2578 621 2634 lavdre.

169 2683 194 2731 9.
220 2676 383 2731 Notandum
400 2694 466 2733 sane
485 2679 571 2734 etiam
589 2679 623 2734 de
640 2678 715 2734 Iride
739 2695 835 2733 arcum
851 2695 955 2749 genere
971 2698 1079 2736 mascu-

117 2743 174 2799 lino
193 2744 286 2799 dicere
303 2744 473 2814 Vergilium:
501 2746 628 2802 Catullus
646 2748 675 2800 ct
692 2746 741 2801 alii
758 2763 862 2815 genere
878 2747 1011 2803 feminino
1050 2766 1079 2803 o-

117 2812 188 2889 nunt
205 2813 357 2867 referentes
375 2813 412 2866 ad
429 2813 578 2882 originem,
596 2812 668 2868 sicut
684 2814 841 2870 haecAttis
857 2815 968 2870 ethaeo
981 2767 1080 2871 Gaffus

116 2878 245 2947 legimus.
279 2879 355 2938 Serv,
374 2879 411 2934 ad
429 2895 489 2935 aen.
507 2880 541 2948 V,
559 2887 617 2947 609.

167 2945 232 2998 Alia
261 2947 358 3001 autem
388 2947 527 3014 quaedam
558 2948 651 3002 aliena
680 2964 699 3004 a
727 2947 838 3003 Catullo
869 2950 902 3003 ut
931 2956 1079 3019 parcamus

117 3011 231 3066 chartae
248 3011 294 3067 hio
312 3014 415 3068 addere
438 3030 495 3068 non
511 3016 606 3082 vacat,
630 3031 694 3068 cum
735 3015 882 3070 raesertim
898 3017 975 3070 facili
993 3033 1008 3070 o
1031 3033 1080 3072 cra

116 3079 295 3133 inveniantur
312 3081 388 3148 apud
405 3081 584 3135 Schwabium
601 3100 622 3136 s.
639 3099 666 3136 n.
679 3083 706 3136 Π
734 3081 799 3137 .VI.
811 3082 874 3138 VII.
890 3084 964 3138 XIII.
1031 3099 1078 3138 ac-

117 3146 196 3200 tcrea
213 3145 335 3201 videnda
352 3163 425 3214 quae
442 3149 601 3203 notavimus
618 3150 655 3204 ad
672 3149 774 3204 LXIIII
792 3156 841 3207 107
859 3152 888 3206 et
905 3157 963 3206 235.

497 3375 698 3386 ..n—*-

399 3433 581 3514 66616
617 3430 708 3508 itit
