2362 3998
53 1204 57 1212 '
163 1191 265 1256 Simul
286 1192 442 1257 secundus
464 1191 629 1256 incidisset
649 1192 683 1254 in
704 1212 744 1274 pe

450 152 453 156 ’
495 192 611 248 anna

163 354 295 420 Comata
317 354 412 418 silva:
434 375 510 417 nam
532 352 662 436 Cytorio
684 353 720 416 in
740 353 816 438 iugo

162 439 326 522 Loquente
348 458 442 521 saepe
464 437 592 502 sibilum
615 436 714 501 edidit
735 458 836 501 coma.

163 522 306 587 Amastri
327 520 461 586 Pontica
482 523 515 585 et
537 520 653 604 Cytore
675 521 815 603 buxifer,

163 606 236 670 Tibi
258 606 336 670 haec
357 605 456 670 fuisse
479 607 511 670 et
532 625 601 669 esse
624 605 868 702 cognitissima,

162 691 220 754 Ait
239 689 407 773 phaselus:
428 689 542 753 ultima
563 709 602 752 ex
623 689 747 774 origine
1007 698 1039 748 ts

86 791 94 808 ·
164 773 232 838 Tuo
255 774 381 838 stetisse
404 772 482 837 dicit
502 773 538 836 in
560 773 737 855 cacumine,

163 856 231 921 'luo
253 858 404 921 imbuisse
425 856 582 940 palmulas
604 857 639 919 in
661 877 812 939 aequore,

164 941 208 1004 Et
228 942 302 1006 inde
323 944 374 1004 tot
393 962 451 1024 per
471 939 652 1024 inpotentia
672 940 755 1004 freta

164 1024 264 1088 Erum
284 1025 396 1089 tulisse
434 1025 526 1088 laeva
547 1024 613 1088 sive
635 1023 764 1087 dextera

163 1107 301 1172 Vocaret
322 1073 412 1191 aura:
436 1109 502 1172 sive
522 1109 691 1190 utrumque
712 1107 855 1254 luppiter
1007 1118 1041 1169 au

767 1213 830 1254 em·

163 1281 271 1372 Neque
294 1276 359 1340 ulla
379 1279 455 1339 vota
475 1275 654 1339 litoralibus
677 1274 744 1338 deis
823 1241 831 1275 ²

164 1357 232 1424 Sibi
254 1381 323 1423 csse
344 1359 445 1442 facta,
467 1380 539 1423 cum
560 1359 682 1422 veniret
704 1380 723 1422 a
743 1360 842 1423 marei

163 1442 344 1508 Novissima
365 1441 450 1506 hunc
473 1443 514 1506 ad
535 1464 634 1525 usque
655 1442 822 1526 limpidum
844 1443 956 1508 lacum.

165 1525 228 1590 Sed
248 1525 328 1590 haec
349 1527 437 1609 prius
459 1527 563 1589 fuere:
586 1546 671 1589 nunc
692 1527 856 1591 recondita
1007 1537 1040 1587 25

166 1608 263 1674 Senot
284 1609 390 1693 quiete
412 1630 507 1692 sequa
529 1609 654 1673 dedicat
674 1609 749 1692 tibi,

165 1691 307 1757 Gemella
330 1691 445 1758 Castor
466 1695 499 1756 et
519 1693 654 1777 gemelle
678 1691 828 1759 Castoris.

537 1905 581 1980 V.

71 2085 77 2098 ,
164 2028 332 2111 Vivamus,
355 2050 427 2092 mea
447 2028 577 2108 Lesbia,
601 2032 694 2113 atque
716 2052 873 2116 amemus,
991 2081 993 2087 -

164 2111 381 2195 Rumoresque
402 2133 514 2176 senum
536 2113 728 2178 severiorum

166 2194 284 2259 Omnes
305 2195 400 2258 unius
423 2197 625 2259 aestimemus
648 2198 737 2261 assis.

167 2278 256 2344 Soles
279 2279 423 2343 occidere
445 2281 478 2343 et
498 2278 600 2342 redire
621 2283 771 2364 possunt:

163 2362 267 2428 Nobis
289 2384 362 2428 cum
384 2363 481 2427 semel
503 2362 621 2427 occidit
640 2363 744 2428 brevis
766 2365 835 2448 lux,
1023 2377 1041 2428 ὁ

163 2446 238 2512 Nox
260 2449 309 2512 est
329 2450 482 2531 perpetua
502 2467 567 2510 una
589 2446 782 2512 dormiendo.

166 2530 217 2594 Da
238 2531 283 2594 mi
304 2530 394 2594 basia
414 2530 516 2613 mille,
540 2529 653 2595 deinde
676 2535 817 2614 cantum,

164 2613 249 2679 Dein
270 2614 358 2679 mille
380 2614 493 2697 altera,
517 2613 590 2677 ulain
612 2615 750 2680 secunda
771 2618 913 2698 centum,
975 2634 978 2639 ·

164 2697 287 2762 Deinde
308 2719 408 2781 usque
431 2699 531 2762 altera
551 2697 653 2781 mille,
677 2698 789 2763 deinde
811 2704 948 2765 centum.

164 2778 262 2864 Dein,
285 2803 358 2846 cum
376 2783 469 2846 milia
489 2782 591 2845 multa
612 2782 778 2846 fecerimus
783 2832 793 2866 ,
1009 2796 1040 2844 ιο

166 2863 434 2930 Conturbabimus
456 2866 525 2962 illa,
546 2865 761 2949 nesciamus,

165 2949 233 3012 Aut
252 2950 364 3032 nequis
385 2949 489 3013 malus
511 2949 651 3022 mvidere
672 2950 789 3034 possit,

165 3031 246 3098 (lum
267 3034 395 3097 tantum
417 3033 496 3098 sciet
517 3054 585 3097 esse
606 3033 777 3098 basiorum.

485 3165 637 3174 ——-

526 3248 588 3324 VI.
623 3235 628 3244 ’

164 3368 269 3453 Flavi,
293 3369 422 3434 delicias
444 3373 514 3433 tuas
538 3370 679 3450 Catullo,
750 3400 758 3413 ·

165 3453 228 3519 Nei
250 3454 315 3518 sint
336 3454 496 3539 inlepidae
518 3457 612 3538 atque
634 3455 848 3540 inelegantes,

855 3562 868 3610 1
876 3556 892 3591 2

1008 3531 1112 3848 1
