2362 3998
124 209 166 274 16
530 212 683 270 osuvcm
976 210 1088 286 mma

537 379 668 454 XXXI.

186 500 466 585 Paeninsularum‚
489 500 621 585 Sirmio,
642 501 882 584 insularumque

49 592 68 603 ”’
189 585 311 668 Ocella,
333 606 544 671 quascumque
565 586 601 649 in
621 586 813 669 liquenlibus
837 584 958 670 stagnis

186 668 331 752 Marique
352 673 442 734 vasio
465 669 528 734 fert
547 672 679 752 uterque
700 668 883 752 Neptunus,

186 752 289 827 Quam
309 755 342 818 to
363 754 499 817 libenter
520 773 676 837 quamque
698 753 799 817 laetus
821 753 940 833 inviso,

137 848 155 898 ⁶
188 835 253 900 Vix
273 837 319 901 mi
340 836 408 921 ipse
431 837 562 902 credens
583 836 741 920 Thmam
762 839 855 919 alque
876 834 1037 919 Bithynos

186 920 331 1004 Liquisse
353 943 482 1004 campos
505 924 537 985 et
557 919 663 985 videre
685 923 717 986 ie
738 920 774 984 in
794 922 874 984 tuto.

189 1003 216 1068 O
239 1004 315 1087 quid
337 1005 449 1070 solutis
472 1008 521 1068 est
540 1004 664 1068 beatius
687 1004 787 1086 curis,

188 1086 270 1153 Cum
290 1109 381 1152 mens
403 1109 483 1153 onus
504 1088 646 1170 reponit,
669 1108 705 1151 ac
726 1088 895 1172 peregrino

187 1171 311 1236 Labore
332 1171 409 1235 fessi
430 1171 574 1236 venimus
596 1171 695 1234 larem
717 1171 757 1234 ad
777 1172 924 1235 nostrum

126 1267 159 1317 ιο
186 1254 434 1338 Desa-‚erasoque
456 1255 684 1338 acquiescimus
706 1255 798 1319 leoco.

187 1338 260 1403 Hoc
282 1342 344 1422 est,
367 1339 452 1422 quod
472 1341 603 1402 unumst
622 1359 680 1422 pro
703 1337 864 1402 laboribus
886 1337 997 1405 tantis.

189 1421 296 1506 Salve,
319 1443 338 1486 o
359 1425 494 1486 venusta
516 1421 646 1505 Sirmio,
670 1425 763 1504 atque
785 1443 838 1486 ero
860 1422 979 1507 gaude:

189 1505 331 1571 Gaudete
351 1527 486 1589 vosque,
509 1527 528 1570 o
550 1505 670 1570 Libuae
692 1506 780 1570 lacus
801 1506 920 1570 undae:

186 1589 318 1674 Ridete,
344 1590 496 1674 quidquid
518 1593 568 1654 esi
588 1589 675 1654 domi
697 1590 933 1656 cachinnorum.

529 1729 681 1741 -ω

528 1829 677 1903 ΧΧΧΠ.

276 1950 417 2032 Amabo,
440 1971 510 2012 mea
531 1950 632 2015 dulcis
653 1949 828 2035 Ipsiihilla,

276 2034 367 2098 Meae
390 2033 520 2097 deliciae
527 2083 537 2117 ‚
559 2035 623 2099 mei
644 2035 782 2117 lepores

276 2117 355 2184 Iube
377 2117 418 2181 ad
438 2120 471 2181 be
492 2118 619 2184 veniam
639 2117 851 2184 meridiatum.

276 2201 322 2267 Et
342 2202 519 2267 si'iusseris
541 2203 634 2286 illud,
657 2203 820 2284 adiuvabo,

244 2346 250 2360 ,
277 2285 398 2371 Nequis
420 2286 540 2351 liminis
562 2288 689 2352 obseret
708 2287 873 2369 tabellam,

276 2369 351 2435 Neu
370 2370 430 2433 tibi
451 2371 559 2434 lubeat
579 2371 666 2436 foras
688 2370 789 2453 abire,

278 2452 341 2517 Sed
363 2453 449 2516 domi
469 2474 598 2517 maneas
642 2473 772 2535 aresque
792 2451 886 2516 nobis

277 2535 402 2600 Novem
424 2536 590 2600 continuas
647 2536 796 2600 tutiones.

277 2618 412 2702 Verum,
435 2619 539 2702 siquid
560 2641 649 2704 ages,
672 2619 781 2683 stabim
801 2618 925 2683 iubebo:
1060 2634 1064 2639 '

275 2701 361 2768 Nam
380 2723 516 2786 pransus
537 2704 625 2768 iaceo
648 2706 681 2768 et
701 2706 788 2766 satin
809 2701 941 2784 supinus

277 2786 438 2851 Pertundo
460 2787 661 2871 tunicamque
683 2786 887 2870 palliumque.

521 3015 687 3090 XXXHI.

280 3140 307 3205 0
329 3140 435 3203 furum
456 3137 575 3221 optime
595 3137 831 3204 balneariorum

278 3223 419 3288 Vibenni
439 3225 544 3306 paler,
567 3224 600 3286 et
622 3221 750 3287 cinaede
771 3223 835 3306 fili,

280 3307 380 3456 &Nam
402 3306 512 3370 dextra
533 3309 625 3390 pater
645 3306 873 3390 inquinatiorc,
987 3341 990 3348 ·

307 3391 360 3455 ulo
381 3390 466 3454 filius
488 3393 537 3454 est
557 3390 734 3475 voraciore)

140 3489 157 3537 u
276 3473 342 3541 Cur
362 3495 430 3539 non
451 3474 581 3540 exilium
602 3475 762 3558 malasque
783 3472 818 3536 in
840 3490 911 3536 oras
