2362 3998
114 187 169 257 cr]
539 186 654 243 urana.
1036 180 1077 246 69

116 347 200 412 Dum
221 347 281 412 tibi
302 370 353 412 me
374 367 477 431 purgo
499 367 560 411 nec
580 368 712 430 possum
733 347 859 413 fletibus
880 349 955 414 ullis
1062 360 1078 410 o

157 431 331 496 'Pantillum
354 434 480 495 vostrae
501 430 626 495 demere
648 432 805 497 saevitiae.

116 515 200 581 Nam
223 514 317 579 simul
337 514 371 578 id
392 515 556 595 factumst,
579 516 688 580 multis
710 516 811 580 diluta
831 517 947 582 labella

158 599 320 663 Abatersti
341 599 442 683 guttis
465 599 611 663 omnibus
634 601 790 684 articulis,

116 684 166 748 Ne
189 683 356 764 quicquam
377 685 488 747 nostro
511 686 709 748 contractum
731 707 770 749 ex
792 706 846 750 ore
868 686 1025 770 maneret,

159 766 333 849 Tamquam
356 767 532 831 conmictae
554 789 668 852 spurca
690 769 789 833 saliva
810 769 843 833 lu
866 791 912 834 ae.
1047 781 1080 832 10

117 850 285 914 Praeterea
305 850 423 915 infesto
445 851 597 915 miserum
617 873 669 916 me
689 852 814 917 tradere
835 791 950 917 dmoni

159 933 191 999 N
193 954 235 997 on
258 935 388 998 cessasti
409 934 559 1017 omnique
581 937 759 1000 excruciare
780 937 891 1020 modo,

118 1016 163 1080 Vt
183 1018 229 1081 mi
250 1039 289 1082 ex
310 1019 468 1084 ambrosia
488 1021 646 1084 mutatum
667 1021 732 1085 iam
752 1022 837 1086 foret
857 1021 937 1087 illud

160 1100 343 1167 Suaviolum
363 1103 448 1168 tristi
469 1104 592 1168 tristius
613 1103 785 1171 helleboro.

118 1184 219 1260 Quam
242 1187 393 1269 quoniam
414 1208 552 1272 poenam
572 1188 689 1254 misero
711 1189 864 1274 proponis
887 1190 1003 1273 amori,
1048 1201 1080 1251 15

159 1267 341 1353 Numquam
364 1271 427 1336 iam
447 1270 583 1357 posthac
604 1274 693 1337 basia
714 1272 891 1358 surripiam.

524 1394 675 1405 ᾕ-

581 1462 608 1534 C

119 1572 245 1639 Caelius
269 1574 451 1638 Aufilenum
474 1578 506 1639 et
527 1519 676 1652 Quintius
697 1575 879 1641 Aufilenam

161 1657 236 1722 Flos
259 1656 481 1723 Veronensum
503 1658 678 1744 depereunt
697 1660 863 1743 iuvenum,

119 1741 182 1807 Hic
204 1742 350 1825 fratrem,
372 1742 427 1807 illc
449 1764 600 1809 sororem.
630 1743 692 1808 hoo
706 1746 770 1827 est,
793 1743 879 1827 quod
894 1743 1019 1828 dicitur,

725 1827 805 1891 illud

162 1909 351 1974 Fraternum
372 1931 445 1975 vere
466 1911 558 1976 dulce
580 1911 772 1976 sodalitium.

121 1992 181 2059 Cui
202 1993 325 2057 faveam
347 1994 475 2077 potius?
507 1994 608 2076 Caeli,
630 1996 706 2059 tibi:
729 2017 805 2059 nam
825 1998 881 2061 tua
902 1995 996 2059 nobis
1063 2004 1082 2055 a

162 2077 224 2142 Per
245 2077 330 2141 facta
352 2077 522 2141 exhibitast
542 2079 635 2142 unica
656 2079 809 2161 amicitia,

122 2161 203 2227 Cum
224 2183 342 2226 vesana
362 2183 448 2225 meas
470 2164 606 2226 torreret
626 2162 755 2226 flamma
775 2161 939 2226 medullas.

164 2245 214 2311 Sis
236 2245 329 2329 felix,
352 2244 455 2330 Caeli,
478 2245 521 2309 sis
543 2247 578 2309 in
600 2266 706 2310 amore
727 2249 852 2329 potens.

528 2367 680 2376 .-.---

572 2435 627 2508 ΟΙ.

99 2547 240 2615 ¹Multas
261 2572 320 2634 per
340 2552 452 2635 gentes
475 2552 508 2614 et
528 2549 629 2612 multa
649 2571 707 2632 per
728 2571 865 2632 aequora
885 2551 994 2612 vectus

166 2636 310 2699 Advenio
332 2633 390 2698 has
412 2634 559 2715 miserae,
582 2633 694 2715 frater,
717 2633 757 2696 ad
777 2633 923 2714 inferias,

123 2718 169 2784 Vt
189 2721 222 2783 te
243 2722 402 2802 postremo
426 2718 578 2783 donarem
598 2737 728 2780 munere
748 2716 861 2780 mortis

165 2803 210 2866 Et
230 2807 351 2868 mutam
372 2802 565 2887 nequiquam
587 2800 774 2882 adloquerer
796 2801 948 2881 cinerem,

125 2886 387 2970 Quandoquidem
408 2888 539 2950 fortuna
560 2884 639 2948 mihi
660 2886 727 2948 tete
749 2883 881 2947 abstulit
900 2883 1020 2967 ipsum,
1070 2896 1084 2944 o

166 2971 239 3035 Heu
260 2973 357 3035 miser
377 2971 509 3055 indigne
530 2971 630 3034 frater
651 2968 796 3050 adempte
818 2967 907 3032 mihi.

484 3071 502 3110 ³1⁸
709 3069 727 3108 3

607 3116 625 3156 1²

125 3173 220 3241 Nunc
230 3177 339 3238 tamen
349 3173 472 3236 interea
481 3171 560 3235 haec
569 3171 675 3254 prisco
688 3192 767 3254 quae
778 3191 866 3234 more
877 3171 1043 3253 parentum

168 3258 297 3323 ltadita
319 3260 395 3321 sunt
414 3257 521 3320 tristes
543 3275 676 3318 munera
697 3255 737 3318 ad
758 3254 904 3337 inferias,

130 3344 245 3428 Accipe
267 3343 409 3408 fraterno
430 3339 567 3403 multum
589 3339 751 3403 manantia
772 3339 863 3419 fletu,

170 3429 274 3511 Atque
295 3427 332 3492 in
352 3427 556 3510 perpetuom,
579 3422 695 3505 frater,
716 3444 777 3486 aue
797 3424 901 3500 atque
917 3418 1013 3476 sane.
1075 3421 1118 3464 w
