2356 3826
87 204 197 272 11111]
510 202 625 257 amna.
1010 193 1052 258 30

90 365 280 450 Pepulitque
301 364 405 428 noetis
426 365 555 428 umbras
576 364 698 449 vegetis
720 362 940 448 sonipedibus,

90 451 141 514 Ibi
165 448 301 513 Somnus
323 448 458 512 excitam
479 449 573 512 Attin
594 448 629 511 fu
657 448 722 512 'ens
744 448 825 512 citus
848 447 941 511 abiit:

91 532 285 617 Trepidante
307 553 379 595 eum
400 532 520 615 recepit
541 532 599 598 dea
647 532 769 595 asithea
790 531 871 595 sinu.

91 617 143 682 Ita
164 616 203 680 de
226 616 330 700 quiete
351 615 441 679 molli
462 616 573 698 rapida
594 615 663 680 sine
684 616 771 680 rabie

92 700 195 766 Simul
216 700 286 783 ipsa
306 702 434 784 pestore
454 700 541 763 Attis
563 722 620 764 sua
640 701 725 764 faeta
745 698 893 781 recoluit,
1021 708 1055 758 46

91 783 289 868 Liquidaque
309 786 416 848 mente
438 783 518 847 vidit
539 785 608 847 sine
629 784 718 867 queis
739 783 857 866 ubique
878 784 961 847 foret
967 830 976 863 ,

91 869 212 932 Animo
235 869 398 932 aestuante
418 889 528 931 msum
549 867 685 931 reditum
707 867 746 930 ad
767 867 848 930 vada
868 867 984 930 tetulit.

92 951 145 1016 Ibi
165 951 265 1020 maria
284 954 373 1016 vasta
394 951 499 1015 visens
521 951 759 1015 lacrimantibus
782 951 897 1033 oeulis,

92 1035 234 1100 Patriam
256 1036 393 1099 allocuta
414 1037 566 1100 maestast
586 1035 631 1098 ita
652 1055 729 1099 1066
750 1034 916 1098 miseriter.

95 1118 220 1185 ‘Patria
240 1140 259 1183 o
282 1120 345 1183 mei
367 1120 515 1202 creatrix,
537 1120 641 1203 patria
663 1140 682 1183 o
704 1140 775 1183 mea
795 1118 956 1203 genetrix,
1022 1128 1055 1177 60

93 1203 167 1288 Ego
184 1223 277 1287 quarn
297 1203 395 1268 miser
415 1204 614 1287 relinquens,
638 1203 785 1267 dominos
798 1204 835 1266 ut
850 1202 992 1286 erifugae

94 1287 220 1352 Famuli
242 1288 361 1370 solent,
383 1287 424 1351 ad
445 1286 519 1352 Idae
541 1288 633 1352 tetuli
654 1308 785 1351 nemora
806 1286 934 1370 pedem,

93 1371 141 1436 Vt
161 1374 239 1455 aput
260 1372 366 1436 nivem
387 1373 420 1435 61
440 1371 577 1435 ferarum
598 1371 705 1456 gelida
726 1372 851 1435 stabula
871 1371 971 1434 forem

94 1456 139 1522 Et
161 1477 269 1519 earum
290 1457 402 1538 operta
422 1454 542 1518 adirem
563 1455 734 1526 furibunda
754 1454 907 1519 latibula?

94 1539 235 1604 Vbinam
250 1540 306 1602 aut
320 1538 433 1621 quibus
448 1538 527 1602 locis
541 1541 573 1602 te
611 1539 739 1619 ositam,
761 1539 879 1621 patria,
901 1537 994 1601 reor?
1023 1547 1055 1597 65

96 1623 195 1707 Cupit
215 1623 227 1685 i
250 1643 286 1686 sa
305 1622 427 1705 pupula
448 1621 488 1685 ad
508 1623 541 1685 te
563 1561 623 1685 sibi
646 1621 782 1705 dirigere
804 1621 919 1702 aciem,

96 1707 199 1771 Rabie
220 1644 288 1770 ltra
309 1726 419 1770 earens
442 1705 517 1768 dum
538 1705 632 1769 breve
653 1708 778 1789 tempus
800 1704 924 1769 animus
947 1706 1004 1768 est.

96 1791 211 1876 Egone
232 1811 251 1853 a
264 1811 335 1854 mea
348 1791 472 1853 remota
485 1789 563 1853 haeo
583 1789 667 1853 ferar
681 1790 716 1853 in
729 1810 861 1853 nemora
876 1787 992 1852 domo?

97 1874 218 1957 Patria,
240 1874 348 1957 bonis,
370 1874 495 1956 amieis,
517 1873 717 1958 genitoribus
739 1871 856 1937 abero?

97 1957 204 2022 Abero
226 1958 312 2039 foro,
334 1959 506 2040 palaestra,
530 1957 633 2022 stadio
655 1960 688 2022 et
708 1957 917 2043 guminasiis?
1025 1967 1058 2018 00

98 2041 196 2105 Miser
223 2062 242 2103 a
269 2042 380 2123 miser,
403 2041 628 2124 querendumst
650 2043 745 2105 etiam
767 2045 862 2125 atque
884 2041 995 2123 etiam,

704 2147 818 2188 an1me.

98 2208 191 2284 Quod
202 2208 287 2272 enim
298 2228 399 2292 genus
411 2209 571 2293 figuraest,
585 2229 644 2293 ego
656 2229 723 2272 non
733 2207 818 2291 quod
829 2206 1015 2270 habuerim?

98 2293 170 2377 Ego
186 2292 309 2375 mulier,
324 2313 384 2376 ego
400 2292 594 2375 adolescens,
613 2312 672 2377 ego
689 2291 837 2375 ephebus,
853 2311 914 2375 ego
928 2312 1016 2374 puer,

98 2377 170 2473 Ego
192 2376 352 2473 guminasi
372 2376 420 2440 fui
440 2376 515 2459 flos,
538 2397 597 2461 ego
620 2397 707 2440 eram
728 2376 822 2440 decus
844 2374 921 2439 olei:

98 2460 180 2524 Mihi
201 2481 315 2524 ianuae
335 2460 516 2544 frequentes
522 2509 531 2542 ,
554 2460 633 2524 mihi
655 2460 766 2524 limina
786 2459 909 2543 tepida,
1027 2467 1060 2519 66

99 2543 181 2608 Mihi
201 2544 323 2608 floridis
345 2544 472 2609 corollis
493 2544 641 2609 redimita
662 2545 774 2609 domus
796 2547 878 2624 erat,

100 2627 321 2712 linquendum
341 2629 397 2692 ubi
419 2631 502 2693 esset
524 2632 593 2693 orto
615 2628 695 2692 mihi
716 2631 783 2693 sole
805 2627 995 2692 cubiculum.

100 2711 172 2796 Ego
194 2732 280 2777 nuno
294 2711 387 2776 deum
401 2712 548 2776 ministra
562 2715 595 2776 et
609 2712 744 2794 Cybeles
758 2711 878 2775 famula
890 2710 996 2775 ferar?

100 2795 173 2880 Ego
194 2795 341 2878 Maenas,
364 2817 425 2881 ego
445 2797 509 2860 mei
530 2818 620 2881 pars,
644 2817 703 2880 ego
725 2796 774 2858 vir
795 2794 911 2858 sterilis
934 2793 1010 2856 ero?

101 2879 174 2964 Ego
195 2879 303 2943 viridis
326 2880 433 2964 algida
453 2879 530 2944 Idae
550 2881 624 2944 nive
646 2879 763 2943 amiota
784 2879 854 2942 loca
876 2877 1001 2941 oolam?
1029 2887 1061 2936 ⁷0

101 2963 174 3110 11ἱο
195 2965 294 3028 vitam
316 2986 409 3048 agam
431 2965 490 3028 sub
511 2965 583 3028 altis
598 2963 756 3049 Phrygiae
771 2960 997 3044 columinibus,

101 3047 131 3108 V
155 3048 166 3111 i
188 3069 279 3112 cerva
300 3048 501 3130 silviculhix,
524 3049 579 3112 ubi
600 3070 675 3132 aper
696 3043 941 3130 nemorivagus?

101 3130 171 3196 Iam
192 3134 257 3196 iam
279 3131 366 3195 dolet
387 3132 471 3214 quod
493 3133 559 3217 egi,
582 3132 791 3216 iamiamque
812 3130 977 3215 paenitet?

101 3216 215 3281 Roseis
236 3218 272 3279 ut
292 3215 366 3279 huie
388 3216 510 3280 labellis
533 3219 655 3281 sonitus
678 3218 761 3280 eeler
782 3216 860 3279 abiit
865 3263 875 3297 ,

102 3299 254 3365 Geminas
277 3300 408 3366 deorum
430 3300 469 3363 ad
492 3322 583 3364 aures
604 3321 687 3363 11016
707 3300 821 3363 nuntia
840 3297 996 3378 referens,
1030 3307 1062 3358 10

102 3382 152 3448 Ibi
173 3386 282 3449 iuncta
302 3384 378 3468 iuga
398 3384 559 3447 resolvens
581 3382 699 3466 Cybele
721 3383 865 3447 leonibus

101 3467 301 3552 Laevumque
322 3469 446 3552 peeoris
468 3466 595 3532 hostem
616 3466 782 3530 stimulans
804 3467 849 3529 ita
870 3466 1021 3549 loquitur.
