2362 3998
116 215 151 278 18
198 224 207 237 ·
271 236 278 248 ·
512 218 665 276 cauum
906 264 909 269 .
949 205 1076 291 [xxxv.

195 380 286 445 Comi
307 379 434 445 moenia
453 380 643 464 Lariumque
664 382 755 447 litus:

71 508 77 519 .
123 477 139 524 o
195 464 280 529 Nam
302 465 453 548 quasdam
473 465 546 528 volo
570 466 779 551 cogitationes

193 547 299 611 Amici
321 547 457 630 accipiat
477 548 526 612 sui
547 549 680 631 meique.

193 630 311 714 Quare,
334 632 361 695 si
383 631 500 713 sapiet,
523 632 606 694 viam
627 633 767 715 vorabit,
835 695 840 701 .

193 714 343 790 Quamvis
365 713 499 778 candida
519 714 623 778 milies
644 716 751 798 puella

76 874 80 879 Ι
192 798 331 862 Euntem
351 800 477 862 revocet
497 819 671 882 manusque
694 799 775 863 collo
800 813 804 820 '
905 806 907 810 '

113 895 143 944 ιο
190 883 312 946 Ambas
333 881 467 946 iniciens
488 885 582 980 roget
601 883 734 966 morari,

15 1010 17 1014 .
154 986 161 998 ·
193 965 281 1040 Quae
301 986 400 1049 nunc,
423 965 452 1029 si
472 966 552 1030 mihi
572 988 648 1031 vera
668 967 874 1046 nuntiantur,
904 1032 908 1037 ,

192 1047 288 1112 Illum
309 1049 432 1132 deperit
452 1050 616 1132 inpotente
637 1071 757 1115 amore:

191 1132 224 1198 N
226 1153 277 1196 am
299 1153 361 1215 quo
382 1135 525 1214 tempore
547 1133 626 1216 legit
646 1132 828 1197 incohatam

193 1214 346 1300 Dindymi
367 1214 544 1299 dominam,-
566 1237 663 1280 exeo
685 1217 827 1281 misellae

109 1313 141 1360 15
189 1298 285 1384 Ignea
306 1299 491 1363 interiorem
513 1299 610 1363 edunt
630 1300 829 1385 medullam„

191 1382 208 1446 Ι
252 1403 329 1447 osco
350 1382 424 1466 tibi,
447 1382 606 1467 Sapphica
626 1383 732 1467 puella

227 1488 286 1530 usa
307 1466 444 1531 doctior:
467 1471 516 1530 est
537 1467 621 1531 enim
643 1471 774 1532 venuste

193 1549 312 1636 Magna
334 1549 473 1616 Caecilio
495 1550 644 1616 incohata
665 1554 775 1628 mater.

511 1673 663 1684 ,—-—.

501 1740 664 1812 XXXVI.
762 1744 765 1750 ’
807 1813 811 1820 .

192 1851 335 1914 Annales
356 1851 484 1931 Volusi,
507 1853 615 1914 cacata
636 1850 758 1932 charta,

192 1932 312 1997 Votum
333 1934 446 1997 solvite
489 1953 525 1996 ro
547 1954 617 1996 mea
637 1933 757 2016 puella:

191 2016 276 2081 Nam
297 2018 426 2081 sanotae
478 2016 564 2079 oneri
586 2015 796 2101 Cupidinique

192 2099 304 2184 Vovit,
327 2099 355 2163 si
377 2099 438 2163 sibi
460 2099 624 2164 restitutus
647 2121 748 2164 essem

122 2195 139 2244 a
193 2182 416 2267 Desiesemque
437 2185 542 2249 huces
563 2183 688 2249 vibrare
709 2184 848 2267 iambos,

191 2266 394 2332 Electissima
414 2269 543 2351 pessimi
563 2272 675 2350 poetae
730 2314 742 2333 .

194 2350 320 2435 Scripta
340 2351 496 2434 tardipedi
518 2353 576 2415 deo
599 2353 742 2416 daturam

192 2432 379 2499 infelicibus
400 2434 570 2498 ustulanda
591 2434 697 2519 lignis

192 2517 237 2581 ut
256 2516 336 2581 haec
355 2517 493 2600 pessima
515 2538 548 2581 se
569 2519 676 2601 puella
696 2519 775 2582 vidit

112 2613 144 2662 10
194 2600 304 2664 Iooose
325 2600 428 2683 lepide
449 2621 563 2665 vovere
585 2601 675 2666 divis.
724 2675 727 2682 ¹
837 2600 840 2605 ’

192 2682 303 2767 Nunc,
326 2705 344 2747 o
368 2684 511 2748 caeruleo
534 2688 639 2749 creata
659 2690 773 2771 ponto,

193 2765 280 2841 Quae
302 2770 447 2832 sanctum
468 2767 603 2833 Idalium
624 2768 719 2835 Vries
742 2793 781 2834 ue
802 2774 912 2855 portus

193 2849 341 2936 Quaeque
362 2852 498 2916 Ancona
520 2852 715 2937 Cnidumque
760 2855 983 2919 arundinosam

193 2931 282 2998 Colis
304 2956 445 3019 quaeque
466 2935 664 3001 Amathunta
685 2958 764 3020 quae
786 2959 825 3002 ue
847 2937 967 3023 Golgos

36 3063 44 3077 .
112 3030 144 3079 1⁶
195 3017 343 3100 Quaeque
363 3017 575 3083 Durrachium
595 3019 713 3084 Adriae
733 2959 914 3103 tadernam,

193 3100 368 3183 Acceptum
389 3102 458 3184 face
479 3102 698 3185 redditumque
718 3107 842 3188 votum,

194 3181 315 3247 Sinon
336 3184 512 3270 inlepidum
532 3206 635 3268 neque
656 3186 899 3251 invenustumst

105 3300 109 3305 ·
193 3267 238 3330 At
258 3289 316 3332 vos
337 3269 458 3332 interea
479 3269 584 3332 venite
605 3269 641 3333 in
661 3270 784 3355 ignem,

192 3349 284 3414 Pleni
305 3352 386 3416 ruris
408 3354 441 3416 et
461 3351 668 3417 inficetiarum

109 3447 143 3497 20
183 3427 334 3523 'Annales
355 3434 483 3518 Volusi,
506 3440 615 3501 cacata
637 3436 755 3501 charta.

512 3557 664 3567 n———n
