2356 3826
94 209 204 284 xxvi]
510 173 620 264 11111
714 208 726 291 .'

356 396 357 399 ’
495 373 644 448 ΧΧΠΠ.

94 505 121 570 Ο
144 506 198 589 qui
218 505 368 570 flosculus
391 526 424 569 es
445 503 678 587 quentiorum,

89 588 168 654 Non
188 588 303 654 horum
315 588 435 671 modo,
459 587 514 651 sed
536 591 614 684 quot
635 591 691 651 aut
710 587 838 652 fuerunt

92 673 159 736 Aut
179 672 313 756 posthae
335 673 406 736 aliis
428 674 522 736 erunt
542 694 577 735 m
598 673 706 751 annis,
738 715 743 723 -

92 756 223 821 Mallem
245 756 370 821 divitias
392 755 497 820 Midae
514 755 660 820 ,dedisses

92 840 169 923 Isti,
191 840 267 922 quoi
288 861 390 923 neque
413 860 521 904 servus
544 842 593 903 est
612 860 714 923 neque
736 861 825 922 arca,
986 911 992 921 ,
1035 852 1052 903 o

93 922 196 997 Quam
218 924 317 988 11111
339 925 458 988 sineres
480 923 598 988 abillo
621 924 729 986 amari.
819 938 826 952 ·

95 1006 196 1082 ‘Quia
219 1028 286 1071 non
308 1010 356 1071 est
376 1006 472 1071 homo
493 1005 637 1070 bellusl'
658 1007 791 1092 inquies.
821 1009 884 1072 est:
995 1045 1002 1056 ·

94 1089 156 1155 Sed
178 1091 261 1155 bello
282 1090 357 1155 huic
377 1112 480 1174 neque
503 1111 609 1154 servos
632 1093 681 1155 est
700 1112 803 1175 neque
824 1111 905 1155 arca.
986 1087 989 1092 ’

94 1173 164 1238 Η11
184 1178 220 1238 tu
242 1196 336 1258 quam
357 1175 445 1238 lubet
466 1174 555 1238 abice
577 1174 740 1257 elevaque:
912 1227 916 1233 .

94 1257 307 1328 Neoservom
328 1262 436 1322 tamen
456 1259 510 1322 ille
532 1257 628 1322 habet
648 1279 751 1342 neque
773 1279 887 1322 arcam.
1021 1270 1053 1320 10
1091 1292 1097 1303 ·

473 1469 480 1482 ⁹
514 1521 625 1598 XXV.

95 1651 233 1717 Cinaede
254 1651 381 1731 Thalle,
404 1651 531 1716 mollior
553 1651 690 1716 cuniculi
714 1651 829 1734 capillo

96 1735 154 1800 Vel
176 1736 296 1800 anseris
318 1735 491 1800 medullula
511 1736 562 1799 vel
586 1734 684 1798 imula
706 1735 829 1799 orioilla

93 1819 154 1884 Vel
174 1841 256 1903 pene
278 1821 331 1883 lan
378 1820 427 1884 ‘do
452 1819 537 1884 senis
559 1819 683 1903 situque
706 1818 874 1902 araneos0,

93 1902 243 1986 Idemque
264 1903 334 1967 Tha
359 1926 376 1968 e
397 1903 524 1983 turbida
544 1903 690 1986 rapacior
709 1903 865 1986 procella,

94 1985 174 2050 Oum
198 1987 270 2051 diva
290 1988 485 2051 munerarios
507 1987 647 2051 ostendit
668 1988 854 2068 oscitantes,
1035 1998 1051 2048 1

93 2069 232 2134 Remitte
253 2071 486 2153 palliumtmihi
506 2092 626 2152 meum,
649 2070 734 2154 quod
754 2071 902 2134 involasti
909 2103 918 2153 ,·
938 2094 940 2098 ⁴

94 2152 322 2235 sudariumque
344 2153 514 2218 Saetabum
535 2156 605 2218 cata
665 2153 809 2236 phosque
830 2153 977 2236 Thynos,

93 2236 220 2319 lnepte,
244 2257 322 2318 quae
344 2237 449 2318 palam
471 2236 554 2299 soles
575 2235 618 2299 ha
642 2257 693 2300 ere
713 2239 876 2320 tamquam
897 2237 991 2299 avita.

94 2319 180 2394 Quae
201 2341 288 2384 nuno
308 2321 372 2383 tuis
395 2320 435 2383 ab
457 2319 800 2404 unguibus'reglutina
821 2323 853 2384 11
873 2321 1013 2403 remitte,
1089 2340 1093 2348 ·

92 2403 143 2469 Ne
165 2405 293 2468 laneum
313 2404 504 2468 latusculum
524 2424 699 2487 manusque
720 2403 907 2468 mollicellas
1020 2417 1052 2465 10

92 2486 203 2551 Inusta
223 2487 359 2570 turpiter
380 2488 440 2552 tibi
461 2488 588 2572 flagella
610 2487 862 2570 conscribillent,

94 2570 139 2634 Et
158 2570 333 2635 insolenter
353 2576 477 2636 aestues
499 2572 586 2636 velut
606 2571 731 2636 minuta
751 2592 868 2656 magno

96 2653 259 2737 Deprensa
279 2655 369 2719 navis
390 2656 426 2719 in
446 2656 527 2719 mari
548 2656 731 2720 vesaniente
752 2659 857 2721 vento.
947 2713 952 2723 .

499 2811 647 2819 -———--

504 2918 635 3010 xxvi
677 2989 681 2995 .

95 3047 184 3131 Furi,
206 3049 446 3114 villula'nostra
467 3071 533 3114 non
555 3049 594 3114 ad
615 3050 727 3114 Austri

93 3131 201 3203 Flatus
224 3131 402 3215 oppositast
421 3155 523 3218 neque
545 3133 585 3198 ad
606 3133 729 3198 Favoni

93 3214 162 3281 Nec
183 3216 268 3280 saevi
288 3215 409 3280 Boreae
431 3222 486 3281 aut
507 3217 692 3315 Apeliotae,

94 3297 221 3364 Verum.
235 3300 276 3364 ad
298 3300 388 3364 milia
408 3301 589 3383 quindecrm
610 3304 643 3366 et
664 3301 826 3367 ducentos.

95 3381 121 3479 Ο
142 3387 273 3449 ventum
293 3384 480 3450 horribilem
502 3388 595 3469 atque
616 3387 834 3470 pestilentem!
1035 3391 1053 3448 1

498 3539 649 3549 ῳ...-
