2362 3998
130 183 172 245 44
535 187 686 246 cervini
774 260 776 263 .
969 184 1090 255 [111111

236 351 361 416 Sicine
383 372 434 414 me
456 350 567 433 patriis
591 351 732 414 avectam
738 348 903 432 ,perfide,
926 348 966 411 ab
988 347 1071 431 oris,

193 436 330 519 Perside,
353 436 476 498 deserto
500 434 652 517 liquisti
642 457 677 497 in
698 398 805 515 litine,
828 429 974 496 Theseu?

194 519 299 584 Sicine
321 485 484 583 discedens
506 518 653 601 neglecto
674 517 804 581 numine
827 516 934 580 divom

132 617 180 664 131
192 603 352 667 Inmemor
373 625 407 685 a
429 603 542 666 devota
564 602 693 665 domum
737 601 852 664 eriuria
872 599 1006 682 portas?

193 687 331 752 Nullane
353 708 403 751 res
425 686 531 770 potuit
552 685 686 749 crudelis
708 623 834 748 iactare
856 684 972 748 mentis

195 770 393 836 Consilium?
416 771 476 834 tibi
497 770 586 833 nulla
606 769 668 833 fuit
689 768 834 832 clement'
810 770 857 831 tia
877 771 1020 851 praesto,

193 853 310 918 Inmite
331 857 368 918 ut
388 854 490 918 nostri
511 853 608 916 vellet
627 853 830 916 miserescere
852 852 984 933 pectus?

193 940 240 1002 At
260 960 327 1003 non
346 937 425 1002 haec
447 937 606 1021 quondam
627 936 720 1000 nobis
741 936 898 1019 promissa
919 935 1048 1017 dedisti,

132 1021 298 1086 140Vane:
319 1022 398 1085 mihi
418 1043 485 1085 non
508 1020 587 1084 haec
607 1021 740 1083 miserae
763 1041 888 1102 sperare
910 1019 1055 1102 iubebas,

195 1105 256 1171 Sed
279 1105 415 1170 conubia
437 1106 534 1187 laeta,
558 1104 612 1167 sed
635 1106 762 1186 optatos
783 1103 992 1198 hymenaeos.

195 1189 282 1264 Quae
305 1192 419 1252 cuncta
440 1188 516 1284 aerii
525 1153 722 1270 discerpunt
742 1187 832 1250 irrita
852 1189 948 1251 venti.

193 1272 293 1336 lam
283 1294 347 1369 iam
368 1273 457 1336 nulla
477 1272 545 1336 viro
567 1272 686 1335 iuranti
707 1271 827 1334 femina
848 1272 969 1355 credat,

193 1356 373 1421 Nullavin
364 1357 500 1439 speret
520 1377 681 1420 sermones
705 1376 773 1419 esse
794 1355 916 1439 fideles3

132 1452 180 1502 141
192 1441 270 1516 Quis
286 1440 360 1505 dum
376 1440 496 1536 aliquid
511 1441 639 1523 cupiens
655 1439 778 1502 animus
793 1440 967 1523 praegestit
982 1441 1091 1523 apisci,

193 1525 250 1590 Nil
271 1525 448 1588 metuunt'
438 1546 555 1608 iurare,
577 1523 659 1587 nihil
680 1523 865 1606 promittere
886 1527 1034 1606 parcunt:

195 1608 257 1673 Sed
280 1609 412 1672 simulac
434 1574 566 1692 cupidae
587 1609 703 1672 mentis
726 1607 841 1671 satiata
863 1608 1007 1691 libidost,

193 1692 289 1756 Dicta
309 1693 391 1756 nihil
411 1693 599 1774 meminere,
620 1691 702 1755 nihil
722 1692 861 1774 periuria
883 1657 1007 1754 curant.7

196 1775 291 1840 Certe
313 1798 373 1860 ego
395 1777 458 1840 te
449 1799 484 1839 in
504 1741 609 1839 medib
630 1778 810 1839 versantem
831 1776 958 1839 turbine
979 1776 1035 1839 leti

132 1872 180 1921 110
191 1859 305 1943 Eripui
311 1909 320 1943 ‚
344 1863 376 1923 11
396 1861 502 1942 potius
525 1880 710 1954 germanum
733 1858 878 1922 amittere
900 1860 999 1941 crevi,

194 1943 297 2019 Quam
317 1943 377 2006 tibi
398 1943 504 2006 fallaci
526 1961 672 2024 supremo
694 1942 729 2004 in
751 1945 816 2005 tem
840 1962 894 2005 ore
915 1908 1048 2009 dessein.

193 2027 256 2090 Pro
279 2047 341 2109 quo
365 2025 564 2090 dilaceranda
584 2026 660 2089 feris
682 2024 781 2089 dabor
803 1964 993 2109 alitibusque

193 2110 329 2192 Praeda,
352 2131 454 2193 neque
476 2110 593 2173 iniecta
614 2110 795 2174 tumulabor
816 2113 941 2175 mortua
962 2113 1055 2176 terra.

194 2158 357 2270 Quaenain
377 2198 410 2258 te
431 2194 543 2279 genuit
563 2194 631 2258 sola
653 2194 712 2257 sub
732 2216 811 2278 rupe
832 2193 964 2258 leaena?

131 2292 179 2340 111
191 2279 284 2354 Quod
305 2300 392 2342 mare
414 2281 602 2361 conceptum
617 2279 837 2360 spumantibus
853 2278 960 2361 expuit
946 2277 1090 2342 tundis?

194 2363 283 2437 Quae
306 2362 422 2446 Syrtis,
446 2382 525 2444 quae
541 2360 647 2444 Scylla
668 2383 883 2527 rapaxbdquqe
906 2365 994 2426 vasta
962 2361 1090 2427 110111-

828 2467 842 2508 1

193 2531 284 2595 Talia
306 2531 360 2613 qui
379 2529 485 2592 reddis
506 2549 564 2612 pro
587 2528 671 2593 dulci
693 2529 835 2611 praemia
856 2530 930 2593 vita.

194 2614 229 2679 Si
249 2614 310 2678 tibi
331 2633 397 2677 non
419 2612 506 2677 cordi
527 2612 654 2676 fuerant
675 2612 811 2676 conubia
832 2617 958 2696 nostra,

194 2697 294 2763 Saeva
316 2698 400 2794 quod
421 2696 573 2761 horrebas
594 2697 693 2779 prisci
710 2701 863 2794 praecept
864 2719 882 2761 a
902 2699 1059 2780 parentis,

132 2795 180 2843 110
190 2784 237 2846 At
257 2782 395 2846 tamen
385 2803 420 2844 11
440 2785 564 2845 vostras
586 2780 719 2863 potuisti
741 2781 854 2845 ducere
876 2782 980 2864 sedes,

193 2866 280 2941 Quae
300 2865 360 2929 tibi
381 2865 517 2929 iocundo
539 2865 710 2929 famularer
731 2886 820 2928 serva
841 2865 963 2948 labore,

193 2948 336 3014 Candida
357 2949 556 3032 permulcens
579 2948 708 3031 liquidis
730 2937 866 3032 vestigia
887 2949 1026 3032 lymphis

192 3033 392 3117 Purpureave
413 3035 503 3095 tuum
526 3034 731 3128 consternens
753 3034 840 3096 veste
862 3033 975 3097 cubile.

193 3115 255 3181 Sed
277 3116 352 3200 quid
375 3137 433 3200 ego
455 3115 576 3200 ignaris
594 3115 787 3198 nequiquam
806 3137 982 3212 conqueror
997 3117 1088 3198 auris,

132 3213 179 3262 111
190 3200 365 3264 Externata
387 3200 486 3282 malo,
510 3221 589 3283 quae
610 3199 707 3263 nullis
729 3199 874 3264 sensibus
896 3202 1006 3264 auctae

192 3283 262 3349 Nec
282 3283 397 3347 missas
420 3250 526 3349 audire
549 3286 668 3368 queunt
689 3305 749 3348 nec
769 3283 900 3348 reddere
921 3283 1036 3346 voces?

193 3367 253 3432 Ille
275 3370 381 3465 autem
402 3390 501 3451 prope
522 3369 586 3431 iam
607 3369 720 3433 mediis
742 3367 913 3433 versatur
903 3389 939 3430 in
959 3367 1069 3452 undis,

192 3451 261 3518 Nec
284 3452 451 3539 quisquam
472 3451 602 3537 adparet
622 3474 722 3517 vacua
742 3451 917 3541 mortalis
907 3474 942 3517 m
964 3417 1069 3539 alga.
