2362 3998
137 193 157 256 6
504 178 510 187 ’
545 197 697 254 cirron

220 359 407 444 Ecquonam
427 359 508 424 mihi
550 350 700 424 rofiusset
721 381 802 426 aere.

222 443 384 528 Respondi
405 443 438 507 id
460 382 549 526 quoi
566 447 648 527 erat,
670 444 753 508 nihil
773 464 876 526 neque
897 442 976 528 ipsis
1076 533 1082 546 ¹

24 576 28 583 .
139 541 171 588 10
221 526 290 592 Nec
311 527 510 624 praetoribus
532 548 601 592 esse
622 547 689 592 nec·
701 526 843 609 cohorti,

222 610 287 678 Cur
309 632 474 695 quisquam
496 614 593 695 caput
613 611 739 676 unctius
761 611 909 693 referret,

220 695 412 760 Praesertim
433 694 547 778 quibus
569 697 654 759 esset
677 695 854 758 inrumatcr
975 766 980 774 ,

221 779 368 862 Praetor,
389 799 457 843 non
476 778 597 842 faciens
618 777 677 862 pili
698 777 870 842 cohortem.

223 864 287 927 ‘At
308 866 392 928 certe
412 865 536 945 tamen,
557 862 721 945 inquiunt,
743 860 828 944 quod
848 861 916 926 illic

139 960 171 1008 lc
220 946 342 1012 Natum
364 946 479 1012 dicitur
500 967 586 1030 esse,
609 946 789 1029 conparasti

222 1031 274 1094 Ad
295 1031 440 1095 lecticam
461 1029 629 1093 homines?
667 1051 743 1114 ego,
765 1032 801 1097 ut
821 1029 947 1113 puellae

166 1126 175 1141 “
221 1113 329 1178 Vnum
351 1135 402 1178 me
423 1114 560 1177 facerem
581 1112 770 1195 beatiorem,

223 1197 333 1263 ‘Non'
354 1198 485 1280 inquam
507 1196 604 1260 ‘mihi
625 1199 691 1260 tam
711 1196 774 1259 fuit
793 1196 949 1281 maligne,

221 1279 281 1364 Vt,
302 1280 467 1366 provincia
489 1279 573 1364 quod
594 1280 680 1343 mala
700 1279 882 1363 incidisset,

10 1441 15 1448 Ι
136 1378 171 1427 20
219 1364 297 1430 Non
316 1385 445 1462 possem
467 1367 539 1428 octo
561 1362 707 1428 homines
727 1385 840 1448 parare
861 1366 988 1427 rectos’

222 1449 268 1512 At
288 1470 333 1512 m1
353 1448 469 1513 nullus.
483 1450 551 1512 erat
573 1468 632 1512 nec
652 1447 705 1512 hic
725 1469 828 1531 neque
849 1447 931 1530 illic,

221 1531 371 1598 Fractum
393 1533 448 1629 qui
468 1532 584 1596 veteris
605 1531 719 1616 pedem
740 1532 866 1618 grabati

221 1615 261 1680 In
282 1615 365 1681 collo
392 1617 454 1680 s1bi
475 1616 631 1680 collocare
652 1619 770 1699 posset.
844 1648 851 1658 ·

221 1699 285 1766 Hic
305 1700 377 1783 illa,
398 1703 435 1763 ut
456 1700 562 1765 decuit
583 1699 809 1783 cinaediorem,

136 1796 170 1844 25
222 1782 379 1859 ‘Quaeso’
402 1784 506 1865 inquit
529 1781 640 1865 mihi,
662 1784 708 1846 mi
730 1782 869 1864 Catulle,
890 1782 1021 1864 paulum

221 1866 315 1930 Istos.
348 1865 512 1930 commode
534 1866 619 1929 enim
640 1866 712 1929 volo
736 1865 776 1929 ad
797 1864 942 1949 Sarapim

221 1948 368 2014 Deferri?
403 1949 568 2012 ‘minime'
591 1948 693 2032 inquii
714 1949 853 2033 pueliae3

467 2075 485 2114 e
609 2074 628 2113 a
753 2076 771 2114 a

222 2149 329 2214 ‘Istud
351 2149 551 2233 quodmodo
577 2149 719 2215 dixeram
740 2173 791 2215 me
812 2149 946 2232 habere,

220 2232 318 2318 Fugit
338 2256 389 2299 me
410 2234 509 2301 ratio:
530 2255 620 2300 meus
642 2234 759 2299 sodalis

136 2330 171 2379 30
221 2317 356 2382 Cinnast
378 2317 490 2401 Gaius,
511 2319 540 2381 is
562 2319 623 2382 sibi
644 2320 776 2400 paravit.

220 2401 355 2483 Verum,
376 2405 484 2479 utrum
504 2400 655 2464 illius·an
675 2402 753 2483 mei,
776 2400 851 2482 quid
872 2399 913 2462 ad
934 2399 1008 2463 me?

221 2484 303 2548 Vtor
323 2487 390 2548 tam
411 2485 492 2548 bene
513 2505 609 2567 quam
631 2482 710 2547 mihi
731 2483 879 2566 paratim.

222 2568 284 2633 Sed
304 2571 341 2631 tu
360 2568 482 2631 insulsa
502 2568 586 2631 male
608 2588 645 2632 ac
666 2567 802 2630 molesta
822 2566 917 2648 vivis,

220 2651 283 2718 Per
303 2672 399 2737 quam
420 2672 487 2715 non
508 2650 585 2715 licet
606 2672 674 2715 esse
696 2650 934 2735 negligentem?

584 2907 646 2980 XI.

221 3037 297 3102 Furi
313 3039 351 3117 ‘et
372 3037 499 3120 Aureli,
523 3037 655 3101 comites
678 3036 811 3119 Catulli,

222 3121 295 3186 81111
316 3121 352 3184 in
373 3125 528 3217 antemos
550 3121 731 3204 penetrabit
752 3119 864 3204 Indos,

222 3204 312 3269 Litus
333 3208 370 3269 ut
390 3206 487 3289 longe
508 3208 677 3269 resonante
698 3203 769 3268 an
890 3256 894 3263 .

424 3287 580 3352 Tunditur
601 3288 699 3372 unda,

137 3387 154 3433 o
221 3371 295 3437 Sive
315 3373 351 3436 in
371 3372 539 3457 Hyrcanos
560 3372 721 3447 Arabasve
742 3372 869 3453 molles,

222 3455 285 3521 Seu
308 3455 403 3522 Sacas
425 3456 659 3544 sagittiferosve
680 3455 830 3536 Parthos,
