2362 3998
81 232 248 300 axxxxvu
505 230 621 287 amaa.

124 394 215 456 Hane
237 393 313 476 tibi,
336 392 423 456 euius
446 414 497 456 me
518 412 653 477 magnus
676 391 789 455 edebai
810 412 907 456 amor.

82 477 124 540 at
146 477 290 559 quamvis
312 479 419 540 ieoum
440 477 541 540 multo
564 476 774 559 coniungerer
794 497 868 558 usu,

122 560 198 625 Non
220 562 298 624 satis
319 560 352 623 id
375 581 486 624 oausae
508 558 701 624 credideram
724 580 792 623 esse
813 559 882 623 tibi.

81 645 130 708 Tu
152 645 230 707 satis
252 644 285 708 id
307 643 411 709 durii:
433 646 558 708 tantum
580 642 640 706 tibi
661 643 814 739 gaudium
835 644 869 707 in
892 643 979 707 omni

124 727 272 812 Culpasi,
293 729 328 792 in
349 749 545 812 quacumque
567 729 617 791 ssi
638 727 755 810 ahquid
777 728 913 792 sceleris.
1010 738 1042 788 lo

452 973 666 1048 LXXXXII.

81 1105 196 1170 Lesbia
216 1107 260 1169 mi
284 1106 361 1169 dieii
382 1127 507 1188 semper
528 1106 610 1169 male
631 1126 691 1169 neo
712 1107 797 1169 isaei
818 1127 967 1190 umquam

123 1188 172 1253 De
194 1211 259 1253 me:
282 1188 397 1254 Lesbia
419 1212 471 1254 me
493 1189 669 1273 dispeream
691 1189 755 1253 nisi
776 1192 869 1253 amai.

82 1272 151 1349 Quo
163 1273 279 1370 signo?
295 1273 369 1356 quia
383 1277 459 1337 suni
468 1276 489 1355 †
499 1273 632 1337 totidem
647 1295 731 1337 mea:
746 1272 898 1357 depreoor
912 1273 1001 1337 illam

123 1357 279 1439 Adsrdue,
303 1378 412 1421 verum
434 1357 610 1440 dispeream
631 1357 694 1421 nisi
717 1378 799 1423 amo.

446 1603 677 1677 LXXXXHI.

82 1733 138 1798 Nil
159 1735 293 1798 nimium
318 1734 429 1799 studeo
452 1734 569 1801 Caesar
589 1736 650 1799 iibi
671 1735 755 1800 belle
798 1735 917 1820 lacere,

123 1817 192 1882 Nec
215 1820 295 1883 seire
317 1821 424 1883 uirum
447 1819 490 1882 sis
513 1819 603 1884 albus
625 1842 667 1884 an
689 1823 756 1884 ater
776 1757 880 1884 iomo.

435 2065 683 2139 LXXXXIHI.

84 2195 228 2260 Mentula
250 2195 443 2260 moechatur.
472 2195 659 2260 moechatur
680 2198 837 2261 mentula:
860 2201 953 2263 cerie.

125 2279 197 2345 Hoc
219 2283 281 2364 esi,
304 2281 390 2363 quod
411 2280 535 2365 dieunt,
557 2281 628 2364 ipsa
650 2282 736 2345 olera
757 2282 822 2346 olla
842 2281 931 2365 legii.

488 2445 637 2452 ——-

453 2528 665 2602 LXXXXV.

83 2658 222 2743 Zmyrna
243 2660 307 2724 mei
329 2656 451 2723 Cinnae
471 2679 593 2722 nonam
613 2662 689 2742 posi
709 2659 844 2741 denique
866 2680 1001 2723 messem

125 2743 227 2819 Quam
250 2746 393 2827 coeptasi
413 2764 594 2826 nonamque
616 2742 701 2806 edita
721 2746 796 2826 posi
816 2741 968 2824 hiemem,

83 2826 175 2890 Milia
196 2849 268 2890 eum
288 2828 410 2893 interea
432 2829 607 2913 quingenta
627 2826 817 2890 Hortensius
839 2847 902 2888 uno

82 2992 221 3076 Zmyrna
242 3016 333 3059 cavas
349 2995 492 3060 Sairaehi
514 2998 642 3079 penitus
663 2996 807 3058 mittetur
828 2993 867 3056 ad
888 2992 1004 3075 undas,
1026 3003 1043 3055 5

125 3077 295 3161 Zmyrnam
317 3100 395 3142 esna
416 3078 470 3141 diu
492 3080 616 3143 saecula
638 3079 833 3162 persolueni.

81 3162 127 3225 Aa
148 3162 263 3227 Volusi
285 3162 414 3226 annales
436 3163 577 3226 Paduam
599 3163 774 3227 morientur
796 3163 836 3226 ad
858 3162 960 3245 ipsam

125 3246 169 3310 Ei
190 3246 277 3310 laxas
300 3247 453 3310 scombris
476 3269 569 3330 saepe
591 3247 712 3312 dabunt
732 3246 867 3311 tunicas.

80 3329 184 3393 Parva
205 3331 269 3394 mei
290 3331 368 3396 mihi
391 3331 457 3394 sini
479 3330 567 3394 cordi
588 3335 794 3396 monumenta
814 3332 946 3410 sedulia,

124 3414 170 3478 At
190 3415 327 3499 populus
349 3416 472 3481 tumido
496 3414 632 3500 gaudeat
653 3414 865 3479 Antimacho„
1020 3423 1064 3465 w

488 3571 648 3583 *nn—-

904 3591 941 3636 {a}
