2362 3998
107 194 230 264 1111111]
529 193 643 248 ornan
1028 188 1071 253 43

109 354 182 420 Heu
200 354 315 418 misere
336 354 501 440 exagitans
522 355 628 419 inmiti
651 356 744 420 corde
765 356 888 421 furores

109 439 225 504 Sancte
246 460 339 522 puer,
362 439 445 503 011110
467 438 631 503 hominum
654 441 708 586 uni
728 440 846 586 gaudia
866 439 995 522 misces,
1037 452 1071 501 90

109 523 260 605 Quaeque
274 523 361 607 regis
376 522 498 607 Golgos
514 544 654 606 quaeque
687 523 727 586 da
743 525 806 587 'um
820 524 1022 605 frondosum,

110 607 264 682 Qualibus
286 607 449 670 incensam
470 607 612 671 iactastis
634 610 740 672 11101110
761 608 900 691 puellam

109 690 275 756 Fluctibus
296 691 332 753 in
352 690 434 754 flavo
457 711 551 774 saepe
572 689 700 774 hospite
722 691 948 774 suspirantem!

110 775 254 850 Quantos
275 774 330 836 illa
351 774 427 838 tulit
448 774 612 858 languenti
635 775 730 838 eorde
751 775 897 839 timores!

110 858 213 933 Quam
233 861 302 921 tum
324 879 418 941 saepe
439 859 542 942 magis
561 859 721 942 †fulgore
743 858 895 942 expalluit
917 859 998 923 auri!
1024 871 1073 921 100

111 941 193 1008 Qum
208 963 334 1006 saevom
350 942 480 1024 cupiens
496 944 608 1005 0011110
622 941 812 1006 contendere
832 946 1009 1006 monstrum

110 1026 177 1089 Aut
190 1029 327 1089 mortem
342 1029 507 1108 oppeteret
517 1025 657 1089 Theseus
673 1027 729 1089 aut
741 1025 882 1108 praemia
895 1025 1008 1090 laudis.

110 1109 186 1174 Non
207 1110 334 1193 ingrata
354 1113 463 1173 tamen
483 1110 601 1173 frustra
621 1109 809 1173 munuscula
832 1110 912 1173 diris

110 1193 305 1257 Promittens
326 1192 423 1258 tacito
446 1193 588 1276 succepit
608 1196 684 1256 vota
704 1192 830 1256 labello.

110 1276 195 1342 Nam
216 1277 360 1341 velutin
381 1297 504 1341 summo
528 1277 724 1360 quatientem
744 1276 875 1340 brachia
896 1278 1000 1341 Tauro
1024 1289 1073 1339 105

111 1361 269 1436 Quercum
291 1364 346 1425 aut
367 1361 550 1446 conigeram
573 1360 699 1424 sudanti
722 1361 839 1426 cortice
860 1361 972 1444 pinum

110 1443 307 1508 indomitum
326 1445 443 1508 turben
464 1447 676 1527 contorquens
697 1444 825 1508 flamine
849 1445 948 1509 robur

110 1528 205 1592 Emit
227 1528 295 1614 (illa
316 1529 427 1612 procu]
448 1527 600 1591 radicitus
622 1529 787 1592 exturbata

111 1612 217 1678 Prona
238 1612 336 1696 cadit,
358 1613 421 1675 late
444 1614 536 1695 quast
556 1613 694 1695 impetus
716 1611 811 1676 obvia
831 1612 1016 1699 frangens),

112 1695 165 1760 Sic
187 1696 307 1760 domito
329 1716 455 1759 saevom
476 1696 649 1779 prostravit
671 1716 802 1778 corpore
824 1695 965 1760 Theseus
1025 1707 1074 1757 110

112 1780 314 1863 Nequiquam
334 1780 424 1843 vanis
446 1780 619 1844 iactantem
641 1800 759 1843 cornua
779 1781 892 1843 ventis.

112 1863 190 1928 lude
211 1864 324 1946 pedem
346 1884 455 1946 sospes
476 1865 577 1927 multa
599 1885 670 1927 oum
691 1863 785 1928 laude
806 1864 929 1927 reflexit

111 1947 300 2012 Errabunda
320 1968 435 2031 regens
457 1949 546 2012 tenui
566 1947 702 2032 vestigia
722 1948 793 2031 filo,

111 2031 163 2096 Ne
184 2031 392 2114 labyrintheis
414 2053 431 2096 0
452 2031 586 2096 flexibus
608 2032 824 2116 egredientem

112 2115 203 2180 Tecti
223 2115 428 2179 frustraretur
447 2115 691 2179 inobservabilis
714 2137 809 2180 error.
1026 2126 1073 2178 111
1108 2173 1110 2176 .

113 2199 175 2265 Sed
197 2199 272 2282 quid
294 2219 354 2282 ego
377 2220 397 2262 a
416 2199 520 2282 primo
543 2199 703 2284 digressus
726 2200 864 2264 carmine
885 2201 977 2284 plura

113 2282 371 2365 Conmemorem,
394 2287 431 2346 ut
451 2283 599 2365 linquens
620 2283 776 2368 genitoris
797 2284 863 2347 filia
883 2284 1019 2364 voltum,

112 2366 158 2430 Vt
179 2367 433 2450 consanguineae
455 2368 659 2450 conplexum,
681 2370 718 2431 ut
739 2367 874 2449 denique
895 2366 1021 2447 matris,

114 2451 200 2526 Quae
221 2451 337 2514 misera
357 2452 392 2514 in
413 2454 514 2535 gnata
535 2451 699 2533 deperdita
719 2451 909 2531 laetabatur,

114 2534 270 2598 Omnibus
291 2533 341 2597 his
356 2534 471 2598 Thesei
493 2535 617 2598 dulcem
638 2535 833 2618 praeoptarit
854 2554 1009 2613 amorem,
1026 2542 1074 2591 110

112 2619 180 2682 Aut
200 2621 236 2681 ut
256 2620 347 2682 vecta
366 2619 428 2681 rati
450 2639 602 2701 spumosa
623 2619 662 2682 ad
684 2619 779 2682 litora
798 2615 879 2682 Diae
953 2685 957 2692 ,

120 2702 259 2780 Venerit,
282 2704 393 2764 0111111
415 2724 485 2765 eam
507 2703 687 2766 devinctam
708 2701 829 2764 lumina
850 2721 962 2764 somno

113 2785 256 2869 Liquerit
276 2785 444 2849 inmemori
467 2786 632 2850 discedens
653 2787 781 2868 pectore
804 2783 962 2849 coniunx?

114 2869 215 2953 Saepe
236 2869 324 2933 illam
346 2868 516 2952 perhibent
537 2869 659 2933 ardenti
682 2869 775 2932 corde
796 2869 955 2932 furentem

114 2953 296 3019 Clarisonas
318 2954 382 3016 imo
404 2953 525 3017 fudisse
547 2975 564 3017 e
585 2955 713 3037 pectore
733 2974 844 3034 10000,
1026 2963 1074 3016 111

112 3038 253 3113 Actum
274 3040 461 3120 praeruptos
483 3037 608 3101 tristem
630 3036 841 3101 conscendere
862 3036 1006 3117 montes,

113 3120 206 3185 Vnde
229 3121 328 3185 aciem
349 3121 384 3183 in
405 3121 512 3206 pelagi
533 3123 640 3185 vastos
662 3121 866 3204 protenderet
886 3121 1009 3201 aestus,

113 3205 195 3269 Tum
216 3203 343 3268 tremuli
365 3205 440 3268 salis
463 3205 610 3269 adversas
631 3225 815 3288 procurrere
836 3205 872 3267 in
892 3203 994 3266 undas

114 3286 227 3352 Mollia
247 3289 385 3352 nudatae
406 3289 574 3352 tollentem
595 3288 739 3372 tegmina
762 3309 867 3369 surae,

113 3373 220 3455 Atque
240 3371 319 3436 haec
341 3372 489 3436 extremis
512 3375 666 3435 maestam
688 3371 803 3435 dixisse
826 3370 990 3453 querellis,
1030 3380 1078 3432 130

113 3455 295 3543 Frigidulos
317 3457 380 3520 udo
401 3456 559 3553 singultus
583 3476 637 3521 ore
659 3456 803 3520 cientem.
