2362 3998
162 196 204 261 20
268 233 274 242 ·
568 202 721 259 carvin
947 203 1128 287 [xxxvuu.
1168 208 1173 215 ·

247 363 452 446 Subsellium,
476 386 548 427 oum
570 367 676 428 orator
698 365 815 429 excitat
834 365 957 447 fletum,

245 448 383 512 Renidet
402 449 466 512 ille.
501 448 546 513 sei
568 447 609 511 ad
629 449 675 531 pii
696 469 810 545 rogum
831 449 877 512 fili

21 593 62 632 κ·
176 531 501 680 aaaron
522 533 980 680 0100000
1040 623 1045 630 -

246 665 472 783 Quodcumque
487 638 569 784 abit,
578 638 715 763 (ienideti
729 665 833 769 'hune
849 637 946 764 habet
957 664 1123 784 niorbum,

245 782 357 865 Neque
385 783 578 867 elegantem,
601 787 636 847 ut
657 783 807 865 arbitror,
828 804 932 866 neque
952 783 1122 849 urbanum.

248 866 351 941 Quare
373 867 567 931 monendum
587 871 651 931 test
672 866 765 948 mihi,
787 867 871 930 bone
892 865 1021 949 Egnati.
1099 910 1105 917 -

165 963 197 1011 ιο
246 948 281 1013 Si
302 950 441 1014 urbanus
464 972 548 1016 esses
570 955 625 1015 aut
646 951 781 1016 Sabinus
804 952 859 1013 aut
880 949 994 1012 Tiburs

226 1034 312 1096 ·Aut
332 1034 434 1098 fartus
455 1033 575 1098 Vmber
597 1039 651 1098 aut
673 1035 786 1098 obesus
807 1033 988 1097 Etmsous‘

245 1118 312 1179 Aut
331 1116 493 1180 Lanuinus
516 1121 583 1180 ater
605 1122 699 1200 atque
721 1118 867 1181 dentatus

245 1200 313 1263 Aut
333 1199 592 1284 Transpadanus,
614 1203 651 1264 ut
671 1222 758 1264 meos
780 1217 904 1284 quoque
927 1200 1099 1285 attingam,

245 1284 313 1346 Aut
334 1283 491 1367 quilubet,
513 1285 568 1368 qui
589 1286 710 1368 puriter
729 1285 808 1348 lavit
830 1285 956 1367 dentes,

162 1380 204 1445 15,
244 1365 364 1431 Tamen
385 1367 528 1432 renidere
550 1389 649 1452 usque
671 1389 794 1452 quaque
815 1373 847 1432 te
868 1368 1003 1432 nollem:

244 1450 329 1515 Nam
350 1451 417 1515 risu
430 1444 546 1535 inepto
568 1474 618 1516 res
640 1449 778 1535 ineptior
798 1453 927 1516 nullast.

244 1533 340 1599 Nune
361 1533 502 1600 Celtiber
523 1557 570 1601 es:
593 1536 763 1601 Celtiberia
783 1537 818 1600 in
838 1539 939 1618 terra,

246 1618 337 1693 Quod
359 1619 491 1702 quisque
512 1620 641 1704 minxit,
663 1619 725 1684 hoo
747 1620 808 1684 sibi
830 1621 911 1685 solet
931 1615 1025 1682 mane

152 1698 159 1712 ⁸
243 1700 388 1766 Dentem'
403 1705 497 1786 atque
518 1725 641 1768 russam
663 1704 815 1767 defricare
836 1702 1015 1786 gingivam,

161 1799 193 1846 20
242 1784 288 1848 Vt
309 1807 370 1868 quo
392 1786 452 1849 iste
473 1790 577 1851 vester
599 1788 768 1869 expolitior
790 1787 867 1849 dens
889 1790 950 1867 est,

243 1867 315 1932 Hoo
334 1872 367 1931 te
388 1869 523 1952 amplius
546 1869 663 1933 bibisse
684 1868 845 1951 praedicet
865 1869 933 1945 loti.

561 2081 708 2154 xxxx.
792 2169 795 2175 ,

244 2201 406 2277 Quaenam
426 2205 458 2266 te
480 2202 691 2287 malamens,
713 2204 835 2268 miselle
856 2203 991 2286 Ravlde,

245 2286 324 2370 Agit
344 2287 549 2432 praeeipitem
571 2287 606 2351 in
627 2309 715 2351 meos
737 2288 880 2351 iambos?

244 2369 321 2444 Quis
366 2390 420 2433 eus
441 2370 501 2433 tibi
522 2390 589 2432 non
609 2371 691 2434 bene
713 2371 883 2434 advocatus
977 2435 981 2442 ,

242 2451 419 2516 Veoordem
440 2456 532 2535 parat
554 2454 690 2517 exaitare
712 2453 835 2516 rixam?

242 2536 295 2598 An
316 2538 353 2598 ut
373 2535 537 2617 pervenias
559 2535 594 2599 in
616 2557 672 2599 ora
693 2535 803 2619 vulgi?

243 2618 326 2694 Quid
348 2617 418 2682 vis?
441 2639 503 2701 qua
524 2619 612 2683 lubet
634 2640 702 2683 esse
723 2621 818 2681 notus
841 2622 954 2703 optas?

242 2701 330 2784 Eris,
353 2701 608 2785 quandoquidem
628 2723 716 2766 meos
739 2723 861 2766 amores

243 2785 322 2852 Cum
344 2787 442 2871 longa
462 2787 590 2851 voluisti
612 2808 717 2850 amare
738 2807 852 2868 poena.

564 2914 715 2924 ————

554 2999 717 3071 XXXXI.

242 3122 393 3185 Ametina
413 3122 519 3203 puella
541 3120 684 3184 defututa

242 3204 323 3267 Tota
343 3204 432 3268 milia
453 3225 503 3268 me
526 3204 634 3269 decem
652 3200 818 3288 poposcit,

242 3287 309 3352 Ista
329 3288 488 3370 turpiculo
509 3287 615 3370 puella
635 3308 729 3371 naso,
805 3356 810 3364 ,

241 3371 426 3437 Deeootoris
448 3372 550 3434 amica
571 3370 744 3436 Formiani.

172 3469 187 3515 o
241 3455 431 3539 Propinqui,
454 3455 568 3539 quibus
590 3458 639 3519 est
658 3456 765 3540 puella
786 3475 892 3534 curae,
