2362 3998
262 481 399 549 Cenabis
421 481 518 564 bene,
539 481 585 545 mi
606 481 753 562 Fabulle,
768 503 795 545 a
817 481 860 546 ud
881 504 932 547 me

263 565 392 649 Paucis,
416 565 443 630 si
464 565 524 629 libi
546 565 579 630 di
600 566 724 648 favent,
747 504 871 649 diebus,

265 649 299 714 Si
320 653 427 715 tecum
448 649 593 738 attuleris
614 650 733 712 bonam
755 652 848 732 alque
869 672 1020 736 magnam

265 733 399 816 (lenam,
422 754 488 797 non
510 734 579 798 sine
601 733 735 797 candida
756 733 863 818 puella

261 816 306 881 nt
326 817 401 882 rino
423 820 456 881 ei
476 817 543 881 sale
565 820 597 881 et
618 817 766 881 omnibus
789 816 961 882 cachinnis.

263 900 353 966 Haec
374 901 416 984 si,
438 901 583 985 inquam,
606 900 765 984 attuleris,
788 906 919 967 venuste
940 905 1063 984 noster,

265 984 401 1049 Cenabis
423 986 518 1049 bene:
540 1007 615 1049 nam
636 985 684 1049 lui
706 984 824 1050 catulli

264 1068 381 1133 Plenus
404 1068 549 1132 sacculus
572 1071 621 1132 est
642 1090 837 1133 aranearum.

158 1161 164 1172 '
265 1151 327 1217 Sed
349 1155 460 1216 contra
480 1151 616 1235 accipies
638 1159 743 1216 meros
765 1174 887 1218 amores
957 1153 959 1159 '

264 1236 326 1314 Seu
348 1235 423 1318 quid
445 1235 571 1300 suavius
594 1235 855 1320 elegantiusvesi:

263 1319 349 1385 Nam
370 1323 569 1400 unguentum
591 1319 688 1402 dabo,
712 1319 796 1402 quod
817 1342 905 1385 meae
927 1323 1052 1405 puellae

264 1402 436 1467 Donarunt
456 1402 597 1468 Veneres
620 1403 870 1488 Cupidinesque,

265 1486 357 1563 Quod
378 1482 421 1551 ω’
436 1508 507 1552 oum
530 1487 675 1571 olfacies,
698 1487 773 1551 deos
795 1488 939 1573 rogabis,

265 1569 382 1635 Totum
402 1574 439 1635 ui
456 1574 492 1636 ie
513 1571 647 1655 faciani,
669 1571 818 1656 Fabulle,
841 1595 964 1637 nasum.

601 1760 715 1832 ΧΠΠ.

264 1873 308 1939 Ni
329 1875 361 1938 be
383 1873 455 1970 plus
478 1873 578 1936 oculis
600 1873 678 1936 meis
701 1893 855 1953 amarem,

197 1967 201 1975 '
264 1956 493 2021 Iocundrssime
515 1955 626 2039 Calvo,
649 1976 779 2020 munere
801 1955 863 2018 isio

265 2040 411 2105 Odissem
432 2043 464 2105 te
486 2039 559 2104 odio
580 2039 769 2104 Vatiniano:

265 2124 350 2189 Nam
372 2123 448 2207 quid
469 2123 532 2188 feci
554 2145 614 2210 ego
637 2123 751 2207 quidve
772 2145 843 2188 sum
864 2123 1006 2208 locutus,

266 2206 330 2273 Gur
350 2231 402 2273 me
423 2208 576 2272 turmale
597 2208 744 2291 perderes
767 2207 894 2292 poetis?

266 2291 325 2356 lsti
346 2292 379 2355 di
399 2292 484 2356 mala
505 2293 606 2356 mulla
628 2291 704 2356 dene
725 2292 849 2373 clienti,

266 2375 327 2450 Qui
348 2379 473 2439 lanium
494 2374 554 2438 tibi
575 2375 664 2438 miaii
684 2375 854 2458 inpiorum.

266 2459 358 2534 Quod
380 2459 407 2522 si
444 2460 481 2522 ut
502 2479 555 2521 sus
579 2458 660 2542 icor,
682 2458 743 2524 hoc
764 2480 883 2523 novum
905 2481 941 2524 ac
963 2463 1092 2544 repertu

246 2543 382 2606 nunus
404 2507 459 2606 ln
478 2541 539 2606 uu
556 2481 650 2607 bura
670 2543 844 2626 senaar,

183 2640 215 2690 ιο
263 2626 339 2692 Non
361 2628 410 2691 est
430 2626 475 2690 mi
496 2626 595 2709 male,
618 2626 674 2690 sed
695 2626 775 2691 bene
798 2648 835 2691 ac
857 2628 963 2709 beate,

266 2709 357 2784 Quod
377 2730 444 2773 non
466 2709 650 2792 dispereunt
669 2709 718 2773 tui
738 2710 872 2775 labores.

265 2792 308 2857 Di
328 2793 453 2877 magni,
475 2792 660 2857 horribilem
682 2796 714 2858 et
735 2814 859 2858 sacrum
880 2795 1025 2860 libellum

266 2876 366 2952 Quem
387 2880 424 2941 tu
446 2877 567 2942 scilicet
589 2877 628 2941 ad
650 2880 740 2941 tuum
762 2876 923 2942 Catullum

265 2961 368 3044 Mislzi,
392 2961 544 3027 continuo
566 2965 603 3024 ut
624 2961 675 3025 die
695 2961 828 3045 periret,

182 3057 215 3108 lo
264 3044 500 3128 Saturnalibus,
523 3045 643 3128 optimo
666 3043 802 3108 dierum!

265 3128 341 3193 Non
361 3149 429 3192 non
450 3129 512 3193 hoc
532 3129 607 3211 libi,
630 3127 726 3210 salse,
750 3127 796 3192 sic
818 3128 934 3196 abibit:

264 3211 364 3295 Nam,
387 3212 415 3276 si
435 3211 565 3295 luxerit,
588 3211 629 3275 ad
650 3211 851 3277 librariorum

266 3295 398 3361 Ourram
420 3295 552 3376 scrinia,
576 3294 719 3378 Caesios,
742 3296 903 3380 Aquinos,

266 3379 444 3461 Suffenum,
467 3378 576 3441 omnia
597 3378 746 3463 colligam
767 3401 905 3462 veneno,

180 3476 214 3526 ao
262 3464 312 3529 Ac
333 3466 366 3528 te
387 3460 437 3526 his
460 3461 625 3546 suppliciis
646 3462 881 3528 remunerabor.
