2362 3998
134 185 177 253 62
537 187 689 246 orrvrm
958 182 1090 260 [nunu.

241 350 384 430 Prodest,
408 351 504 415 immo
528 351 623 413 etiam
644 346 752 414 taedet
773 349 925 433 obestque
945 352 1049 435 magis

165 435 242 499 avt
262 434 356 518 mihi,
379 456 472 517 quem
493 455 587 497 nemo
609 443 737 517 gravim
751 455 811 497 nec
826 433 969 498 acerbius
983 438 1089 519 urget,

239 519 341 595 Quam
361 517 455 581 modo
478 518 533 600 qui
557 538 607 581 me
630 539 729 580 unum
742 518 993 665 pltplueplplplpppm
1016 520 1090 582 ami·

538 690 688 698 --.--..---

520 788 700 863 LXXIIH.

196 919 318 986 Gellius
340 919 483 983 audierat
503 923 651 1002 patruom
673 919 839 1003 obiurgare
862 919 980 1003 solere,

238 1003 343 1086 Siquis
365 1003 496 1067 delicias
519 1003 637 1067 diceret
658 1005 714 1067 aut
734 1003 860 1066 faceret.

194 1087 265 1150 Hoc
285 1109 327 1150 ne
348 1087 410 1169 ipsi
432 1086 602 1168 accideret,
624 1087 729 1169 patrui
750 1086 934 1170 perdepsuit
953 1087 1057 1171 ipsam

237 1169 376 1233 onrem
398 1172 430 1233 et
450 1172 596 1253 patruom
617 1168 755 1233 reddidit
775 1167 1013 1253 Harpocratem.

163 1253 287 1329 souod
307 1253 410 1317 voluit
430 1252 521 1317 fecit:
549 1274 639 1336 nam,
662 1253 805 1335 quamvis
827 1254 965 1318 inrumet
985 1255 1090 1337 ipsum

235 1335 330 1401 Nunc
352 1339 515 1420 patruom,
537 1337 668 1400 verbum
689 1358 756 1400 non
778 1337 874 1401 faciet
890 1340 1034 1420 patruos,

536 1483 688 1493 ——--

522 1583 699 1657 LXXVII.

193 1713 276 1778 Rufe
297 1714 377 1779 mihi
398 1715 517 1778 frustra
538 1735 575 1778 ac
595 1714 786 1796 nequiquam
809 1713 926 1778 credite
947 1715 1049 1779 amieo

237 1797 404 1881 (Frustral
419 1799 516 1862 immo
531 1817 650 1880 magno
666 1818 737 1860 cum
751 1799 854 1880 pretio
870 1802 965 1880 atque
980 1798 1090 1882 malo),

194 1880 299 1946 Sicine
321 1881 480 1964 subrepsti
500 1881 578 1960 mei,
600 1881 693 1961 atque
715 1881 866 1943 intestina
886 1903 1039 1965 perurens

235 1963 276 2026 Eli
298 1964 414 2027 misero
437 1963 582 2046 eripuisti
604 1962 710 2025 omnia
731 1966 841 2027 nostra
862 1965 968 2029 bona?

161 2047 248 2110 5Eri
272 2048 362 2130 uisti,
385 2047 448 2111 lieu
469 2047 532 2112 heu
552 2049 680 2110 nostrae
702 2046 828 2111 crudele
849 2070 1006 2113 venenum
1044 2066 1047 2071 ⁴

234 2069 344 2214 ditae,
366 2131 512 2195 heuheu
533 2133 661 2194 nostrae
682 2131 781 2213 pestis
803 2132 969 2196 amicitiae.

194 2213 255 2279 Sed
277 2236 362 2278 nunc
383 2215 418 2278 id
439 2215 546 2298 dolce,
569 2213 654 2297 quod
675 2236 772 2297 purae
793 2237 872 2298 pura
892 2215 1016 2298 puellae

235 2297 327 2362 Savia
349 2299 525 2363 conminxit
547 2319 661 2381 spurca
683 2298 783 2362 saliva
802 2302 866 2361 tua.

195 2381 311 2445 Verum
331 2381 366 2444 id
387 2401 454 2445 non
468 2383 587 2464 inpune
602 2381 700 2445 feres:
722 2403 797 2444 nam
817 2385 850 2444 te
866 2383 972 2445 omnia
987 2382 1090 2447 saecla

146 2477 177 2527 ιο
232 2464 389 2546 Noseent,
413 2466 520 2546 etqui
542 2465 585 2526 sis
607 2464 692 2526 fama
714 2465 861 2548 loquetur
882 2487 971 2530 anus.

534 2610 685 2619 ——--

512 2710 707 2785 LXXVIII.

190 2839 301 2905 Gallus
322 2840 419 2905 habet
445 2841 573 2925 fratres,
603 2845 767 2937 quorumst
794 2842 988 2926 lepidissima
1014 2862 1088 2906 con-

734 2947 811 2988 iunx

232 3007 388 3090 Alterius,
411 3007 534 3091 lepidus
556 3009 639 3071 filius
661 3008 799 3072 alterius.

191 3088 302 3155 Gallus
322 3090 450 3155 homost
471 3091 589 3155 bellus:
611 3112 686 3154 nam
707 3090 815 3155 dulces
834 3092 942 3177 iungit
955 3113 1088 3176 amores,

232 3171 313 3237 Cum
335 3195 433 3257 puero
454 3177 491 3238 ut
512 3174 597 3238 bello
619 3174 704 3238 bella
724 3176 832 3258 puella
853 3176 955 3240 cubet.

159 3255 301 3320 oGallus
323 3257 451 3321 homost
473 3258 587 3322 stultus
608 3279 669 3321 nec
691 3279 725 3322 se
739 3259 826 3322 videt
841 3281 909 3324 esse
929 3261 1087 3341 maritum,

232 3338 294 3416 Qui
315 3344 445 3423 patruos
467 3342 572 3424 patuli
594 3345 751 3407 monstret
772 3342 970 3408 adulterium.

532 3495 682 3507 *nt—-
