2362 3998
132 219 177 284 36
541 224 694 281 0111111
1001 220 1098 293 [1111.

198 388 274 453 Νο1
295 388 413 452 frustra
427 388 635 470 meditantur,
655 386 775 450 habent
787 385 992 450 memorabile
1012 385 1097 468 quod

783 471 833 534 sit.

199 556 268 621 Nec
289 558 419 639 mirum,
442 556 568 639 penitus
591 577 669 639 quae
690 558 759 618 tota
779 557 886 618 mente
908 553 1064 618 laborent

152 653 183 702 15
197 639 267 704 Nos
289 640 350 704 alio
373 643 510 736 mentes,
533 640 595 704 clio
618 639 781 703 divisimus
803 659 909 702 aures.

199 723 271 788 Iure
293 724 392 809 igitur
412 689 589 807 vincemur,
612 725 697 786 amat
718 722 851 786 victoria
872 743 990 786 curam.

200 807 303 882 Quare
324 829 410 871 nunc
432 808 554 872 animos
577 808 690 904 saltem
712 806 885 870 convertite
908 809 1048 888 vestros,

200 889 345 956 Dicere'
336 914 400 955 ram
421 891 622 975 incipient,
612 913 676 955 ram
697 889 888 973 respondere
910 889 1043 953 decebit.

242 1000 370 1084 Hymen
385 1021 404 1064 o
419 999 617 1083 Hymenaee,
637 1000 765 1082 Hymen
779 998 853 1062 ades
868 1019 886 1062 0
901 997 1097 1107 Hymenaee.

151 1156 185 1204 20
199 1141 356 1225 Hespere,
380 1143 434 1225 qui
456 1143 543 1206 caelo
565 1141 665 1205 fertur
686 1141 842 1205 crudelior
862 1140 969 1224 ignis?

200 1224 261 1299 Qui
282 1228 390 1289 natam
411 1226 514 1322 possis
537 1225 693 1307 conplexu
715 1224 848 1289 evellere
869 1225 997 1306 matris,

202 1308 294 1392 Gonp
295 1310 368 1373 lexu
389 1310 499 1374 matris
521 1309 712 1372 retinentem
733 1308 867 1372 avellere
889 1273 997 1371 natani

200 1392 274 1456 Et
265 1393 371 1457 111011
392 1392 515 1456 ardenti
537 1395 656 1456 castam
678 1392 795 1456 donare
816 1392 965 1475 p.uellam

203 1476 288 1556 Quid
310 1477 431 1541 faciunt
451 1477 560 1540 hostes
584 1480 676 1560 capta
698 1476 853 1540 crudelius
875 1474 973 1539 urbe?

153 1597 185 1646 25
242 1584 370 1669 Hymen
385 1607 403 1649 0
419 1585 617 1670 Hymenaee,
632 1585 761 1668 Hymen
775 1585 849 1649 ades
865 1605 884 1648 o
899 1583 1097 1667 Hymenaee!

202 1728 359 1812 Hespere,
383 1729 438 1812 qui
459 1730 545 1793 caelo
567 1729 652 1793 lucet
672 1728 837 1792 iocundior
857 1726 965 1811 ignis?

202 1811 264 1886 Qui
286 1812 442 1894 desponsa
463 1815 518 1874 tua
538 1812 644 1874 firmes
667 1812 802 1875 conubia
826 1810 971 1892 flemma,

203 1896 288 1970 Quae
294 1895 459 1992 pepigere
480 1895 540 1956 viri
545 1893 767 1978 ,pepigerunt
788 1896 862 1956 ante
883 1859 1031 1976 pereirtes

201 1978 301 2043 Nec
291 1999 421 2040 iunxere
442 1977 528 2059 prius
552 1999 645 2060 quam
667 1999 700 2040 se
721 1979 794 2041 tuus
817 1977 930 2040 extulit
951 1977 1054 2042 ardor.

153 2076 187 2124 00
202 2061 283 2136 Quid
305 2061 397 2124 datur
419 2083 437 2124 a
458 2059 538 2124 divis
560 2061 646 2125 felici
667 2061 806 2143 optatius
827 2059 928 2150 hora?

243 2169 372 2252 Hymen
386 2191 405 2233 0
420 2168 619 2253 Hymenaee,
635 2175 760 2253 Hymen
775 2170 848 2234 ades
863 2191 882 2233 0
897 2169 1097 2253 Hymenaee!

201 2387 364 2472 Hesperus
387 2410 404 2451 e
425 2390 535 2470 nobie,
558 2327 717 2471 aeduales,
741 2386 871 2450 abstulit
892 2409 988 2451 unam
1070 2384 1073 2390 ’

484 2497 502 2534 ss
729 2495 747 2534 ³1⁸

606 2543 624 2581 8

238 2565 371 2680 ⁸Hymen
392 2616 409 2660 o
424 2596 616 2680 Hymenaee,
639 2595 766 2678 Hymen
780 2597 854 2660 odes
868 2616 885 2660 o
899 2595 1099 2679 Hymenaee!

483 2705 501 2744 *
728 2704 746 2743 *

202 2816 347 2900 Namque
368 2819 425 2879 tuo
447 2815 584 2879 adventu
603 2813 716 2898 vigilat
737 2813 879 2878 custodie
901 2835 1033 2897 semper.

202 2901 306 2966 Nocte
326 2900 428 2964 latent
448 2899 533 2962 fures
540 2919 651 2982 ,quos
673 2898 757 2962 idem
779 2919 871 2981 saepe
892 2901 1070 2981 revertens,

155 2998 187 3046 35
201 2985 290 3067 Hesp
292 3005 357 3066 010,
378 2984 500 3046 mutato
523 2947 712 3064 comprendis
734 2982 863 3046 nomine
884 2983 982 3048 Eous.

204 3070 249 3131 At
269 3007 357 3130 libet
368 3065 511 3162 innuptis
532 3065 607 3128 ficto
630 3068 662 3129 te
685 3087 813 3150 carpere
835 3071 955 3150 questu.

204 3150 374 3232 Quidtum,
386 3172 413 3213 s1
405 3151 568 3233 carpunt
579 3150 677 3213 tac1ta
687 3171 780 3233 quem
794 3155 900 3215 mente
910 3152 1096 3233 requlrunt?

245 3258 373 3342 Hymen
388 3279 406 3322 0
421 3258 619 3341 Hymenaee,
635 3258 764 3341 Hymen
778 3259 852 3323 ades
867 3280 887 3322 c
901 3258 1097 3341 Hymenaee!

204 3401 249 3466 Vt
269 3401 328 3465 flos
350 3402 385 3465 in
406 3401 524 3485 saeptis
547 3403 685 3465 secretus
706 3401 846 3465 nascitur
865 3397 983 3482 hortis,

154 3485 336 3569 migretus
354 3485 480 3570 pecori,
501 3485 590 3550 nullo
613 3485 781 3549 convolsae
803 3485 922 3566 aratro,
